ts_recv,ts_event,rtype,publisher_id,instrument_id,action,side,depth,price,size,flags,ts_in_delta,sequence,bid_px_00,bid_sz_00,bid_ct_00,bid_px_01,bid_sz_01,bid_ct_01,bid_px_02,bid_sz_02,bid_ct_02,bid_px_03,bid_sz_03,bid_ct_03,bid_px_04,bid_sz_04,bid_ct_04,bid_px_05,bid_sz_05,bid_ct_05,bid_px_06,bid_sz_06,bid_ct_06,bid_px_07,bid_sz_07,bid_ct_07,bid_px_08,bid_sz_08,bid_ct_08,bid_px_09,bid_sz_09,bid_ct_09,ask_px_00,ask_sz_00,ask_ct_00,ask_px_01,ask_sz_01,ask_ct_01,ask_px_02,ask_sz_02,ask_ct_02,ask_px_03,ask_sz_03,ask_ct_03,ask_px_04,ask_sz_04,ask_ct_04,ask_px_05,ask_sz_05,ask_ct_05,ask_px_06,ask_sz_06,ask_ct_06,ask_px_07,ask_sz_07,ask_ct_07,ask_px_08,ask_sz_08,ask_ct_08,ask_px_09,ask_sz_09,ask_ct_09,symbol,order_id
2025-07-17T07:05:09.035793433Z,2025-07-17T07:05:09.035627674Z,10,2,1108,R,N,10,,0,0,0,0,,,,,,,,,,,,,,,,,,,,,,,,,,,,,,,,,,,,,,,,,,,,,,,,,,,,,,,,,,,,,ARL,0
2025-07-17T08:05:03.360842448Z,2025-07-17T08:05:03.360677248Z,10,2,1108,A,B,10,5.510000000,100,817593,165200,851012,5.51,100,1,,,,,,,,,,,,,,,,,,,,,,,,,,,,,,,,,,,,,,,,,,,,,,,,,,,,,,,,,,ARL,0
2025-07-17T08:05:03.360848793Z,2025-07-17T08:05:03.360683462Z,10,2,1108,A,A,10,21.330000000,100,817597,165331,851013,5.51,100,1,,,,,,,,,,,,,,,,,,,,,,,,,,,,,,,,,,,,,,,,,,,,,,,,,,,,,,,,,,ARL,0
2025-07-17T08:05:03.361492517Z,2025-07-17T08:05:03.361327319Z,10,2,1108,A,B,10,5.900000000,100,817633,165198,851022,5.90,100,1,5.51,100,1,,,,,,,,,,,,,,,,,,,,,,,,,,,,,,,,,,,,,,,,,,,,,,,,,,,,,,,ARL,0
2025-07-17T08:05:03.361497823Z,2025-07-17T08:05:03.361332576Z,10,2,1108,A,A,10,20.940000000,100,817637,165247,851023,5.90,100,1,5.51,100,1,,,,,,,,,,,,,,,,,,,,,,,,,,,,,,,,,,,,,,,,,,,,,,,,,,,,,,,ARL,0
2025-07-17T08:09:48.860862095Z,2025-07-17T08:09:48.860696464Z,10,2,1108,C,B,10,5.510000000,100,817593,165631,1289631,5.90,100,1,5.51,100,1,,,,,,,,,,,,,,,,,,,,,,,,,20.94,0,-1,,,,,,,,,,,,,,,,,,,,,,,,,,,,ARL,0
2025-07-17T08:09:48.860870885Z,2025-07-17T08:09:48.860705588Z,10,2,1108,A,B,10,5.370000000,100,1263973,165297,1289632,5.90,100,1,5.51,100,1,5.37,100,1,,,,,,,,,,,,,,,,,,,,,,20.94,0,-1,,,,,,,,,,,,,,,,,,,,,,,,,,,,ARL,0
2025-07-17T08:09:49.158061899Z,2025-07-17T08:09:49.157896784Z,10,2,1108,C,B,10,5.900000000,100,817633,165115,1290626,5.90,100,1,5.51,100,1,,,,,,,,,,,,,,,,,,,,,,,,,20.94,0,-1,,,,,,,,,,,,,,,,,,,,,,,,,,,,ARL,0
2025-07-17T08:09:49.158069452Z,2025-07-17T08:09:49.157903443Z,10,2,1108,A,B,10,5.400000000,100,1264721,166009,1290627,5.90,100,1,5.51,100,1,5.40,100,1,,,,,,,,,,,,,,,,,,,,,,20.94,0,-1,,,,,,,,,,,,,,,,,,,,,,,,,,,,ARL,0
2025-07-17T08:09:49.158069452Z,2025-07-17T08:09:49.157903798Z,10,2,1108,C,A,10,20.940000000,100,817637,165654,1290628,5.90,100,1,5.51,100,1,,,,,,,,,,,,,,,,,,,,,,,,,20.94,0,-1,,,,,,,,,,,,,,,,,,,,,,,,,,,,ARL,0
2025-07-17T08:09:49.158074599Z,2025-07-17T08:09:49.157909054Z,10,2,1108,A,A,10,21.470000000,100,1264725,165545,1290629,5.90,100,1,5.51,100,1,,,,,,,,,,,,,,,,,,,,,,,,,20.94,0,-1,,,,,,,,,,,,,,,,,,,,,,,,,,,,ARL,0
2025-07-17T11:00:00.125340914Z,2025-07-17T11:00:00.125174985Z,10,2,1108,C,B,10,5.370000000,100,1263973,165929,10583317,5.90,100,1,5.51,100,1,,,,,,,,,,,,,,,,,,,,,,,,,20.94,0,-1,21.47,0,-1,,,,,,,,,,,,,,,,,,,,,,,,,ARL,0
2025-07-17T11:00:00.125347247Z,2025-07-17T11:00:00.125182048Z,10,2,1108,A,B,10,9.790000000,100,12852457,165199,10583320,9.79,100,1,5.90,100,1,5.51,100,1,,,,,,,,,,,,,,,,,,,,,,20.94,0,-1,21.47,0,-1,,,,,,,,,,,,,,,,,,,,,,,,,ARL,0
2025-07-17T11:00:00.125619742Z,2025-07-17T11:00:00.125454029Z,10,2,1108,C,B,10,5.400000000,100,1264721,165713,10583363,5.90,100,1,5.51,100,1,,,,,,,,,,,,,,,,,,,,,,,,,20.94,0,-1,21.47,0,-1,,,,,,,,,,,,,,,,,,,,,,,,,ARL,0
2025-07-17T11:00:00.125626050Z,2025-07-17T11:00:00.125460962Z,10,2,1108,A,B,10,9.840000000,100,12852537,165088,10583364,9.84,100,1,5.90,100,1,5.51,100,1,,,,,,,,,,,,,,,,,,,,,,20.94,0,-1,21.47,0,-1,,,,,,,,,,,,,,,,,,,,,,,,,ARL,0
2025-07-17T11:00:07.975990221Z,2025-07-17T11:00:07.975824831Z,10,2,1108,C,A,10,21.330000000,100,817597,165390,10674471,5.90,100,1,5.51,100,1,,,,,,,,,,,,,,,,,,,,,,,,,20.94,0,-1,21.47,0,-1,,,,,,,,,,,,,,,,,,,,,,,,,ARL,0
2025-07-17T11:00:07.976003383Z,2025-07-17T11:00:07.975837956Z,10,2,1108,A,A,10,17.440000000,100,12983425,165427,10674472,5.90,100,1,5.51,100,1,,,,,,,,,,,,,,,,,,,,,,,,,20.94,0,-1,21.47,0,-1,,,,,,,,,,,,,,,,,,,,,,,,,ARL,0
2025-07-17T11:00:07.976138102Z,2025-07-17T11:00:07.975972618Z,10,2,1108,C,A,10,21.470000000,100,1264725,165484,10674473,5.90,100,1,5.51,100,1,,,,,,,,,,,,,,,,,,,,,,,,,17.44,0,-1,20.94,0,-1,21.47,0,-1,,,,,,,,,,,,,,,,,,,,,,ARL,0
2025-07-17T11:00:07.976144724Z,2025-07-17T11:00:07.975979367Z,10,2,1108,A,A,10,17.360000000,100,12983429,165357,10674474,5.90,100,1,5.51,100,1,,,,,,,,,,,,,,,,,,,,,,,,,17.44,0,-1,20.94,0,-1,21.47,0,-1,,,,,,,,,,,,,,,,,,,,,,ARL,0
2025-07-17T11:00:08.255140498Z,2025-07-17T11:00:08.254975294Z,10,2,1108,C,A,10,17.440000000,100,12983425,165204,10676310,5.90,100,1,5.51,100,1,,,,,,,,,,,,,,,,,,,,,,,,,17.36,0,-1,17.44,0,-1,20.94,0,-1,21.47,0,-1,,,,,,,,,,,,,,,,,,,ARL,0
2025-07-17T11:00:08.255150459Z,2025-07-17T11:00:08.254985173Z,10,2,1108,A,A,10,18.920000000,100,12985397,165286,10676311,5.90,100,1,5.51,100,1,,,,,,,,,,,,,,,,,,,,,,,,,17.36,0,-1,17.44,0,-1,20.94,0,-1,21.47,0,-1,,,,,,,,,,,,,,,,,,,ARL,0
2025-07-17T11:00:08.255312226Z,2025-07-17T11:00:08.255147130Z,10,2,1108,C,A,10,17.360000000,100,12983429,165096,10676314,5.90,100,1,5.51,100,1,,,,,,,,,,,,,,,,,,,,,,,,,17.36,0,-1,17.44,0,-1,18.92,0,-1,20.94,0,-1,21.47,0,-1,,,,,,,,,,,,,,,,ARL,0
2025-07-17T11:00:08.255320414Z,2025-07-17T11:00:08.255155317Z,10,2,1108,A,A,10,18.840000000,100,12985401,165097,10676315,5.90,100,1,5.51,100,1,,,,,,,,,,,,,,,,,,,,,,,,,17.36,0,-1,17.44,0,-1,18.92,0,-1,20.94,0,-1,21.47,0,-1,,,,,,,,,,,,,,,,ARL,0
2025-07-17T11:00:08.256027692Z,2025-07-17T11:00:08.255862656Z,10,2,1108,C,A,10,18.920000000,100,12985397,165036,10676320,5.90,100,1,5.51,100,1,,,,,,,,,,,,,,,,,,,,,,,,,17.36,0,-1,17.44,0,-1,18.84,0,-1,18.92,0,-1,20.94,0,-1,21.47,0,-1,,,,,,,,,,,,,ARL,0
2025-07-17T11:00:08.256037075Z,2025-07-17T11:00:08.255871843Z,10,2,1108,A,A,10,20.620000000,100,12985405,165232,10676321,5.90,100,1,5.51,100,1,,,,,,,,,,,,,,,,,,,,,,,,,17.36,0,-1,17.44,0,-1,18.84,0,-1,18.92,0,-1,20.94,0,-1,21.47,0,-1,,,,,,,,,,,,,ARL,0
2025-07-17T11:00:08.256333906Z,2025-07-17T11:00:08.256168895Z,10,2,1108,C,A,10,18.840000000,100,12985401,165011,10676324,5.90,100,1,5.51,100,1,,,,,,,,,,,,,,,,,,,,,,,,,17.36,0,-1,17.44,0,-1,18.84,0,-1,18.92,0,-1,20.62,0,-1,20.94,0,-1,21.47,0,-1,,,,,,,,,,ARL,0
2025-07-17T11:00:08.256340615Z,2025-07-17T11:00:08.256175346Z,10,2,1108,A,A,10,20.530000000,100,12985413,165269,10676325,5.90,100,1,5.51,100,1,,,,,,,,,,,,,,,,,,,,,,,,,17.36,0,-1,17.44,0,-1,18.84,0,-1,18.92,0,-1,20.62,0,-1,20.94,0,-1,21.47,0,-1,,,,,,,,,,ARL,0
2025-07-17T11:00:08.257050282Z,2025-07-17T11:00:08.256885010Z,10,2,1108,C,A,10,20.620000000,100,12985405,165272,10676333,5.90,100,1,5.51,100,1,,,,,,,,,,,,,,,,,,,,,,,,,17.36,0,-1,17.44,0,-1,18.84,0,-1,18.92,0,-1,20.53,0,-1,20.62,0,-1,20.94,0,-1,21.47,0,-1,,,,,,,ARL,0
2025-07-17T11:00:08.257058070Z,2025-07-17T11:00:08.256892686Z,10,2,1108,A,A,10,21.470000000,100,12985417,165384,10676334,5.90,100,1,5.51,100,1,,,,,,,,,,,,,,,,,,,,,,,,,17.36,0,-1,17.44,0,-1,18.84,0,-1,18.92,0,-1,20.53,0,-1,20.62,0,-1,20.94,0,-1,21.47,0,-1,,,,,,,ARL,0
2025-07-17T11:00:08.257234812Z,2025-07-17T11:00:08.257069458Z,10,2,1108,C,A,10,20.530000000,100,12985413,165354,10676335,5.90,100,1,5.51,100,1,,,,,,,,,,,,,,,,,,,,,,,,,17.36,0,-1,17.44,0,-1,18.84,0,-1,18.92,0,-1,20.53,0,-1,20.62,0,-1,20.94,0,-1,21.47,0,-2,,,,,,,ARL,0
2025-07-17T11:00:08.257241334Z,2025-07-17T11:00:08.257076085Z,10,2,1108,A,A,10,21.470000000,100,12985421,165249,10676336,5.90,100,1,5.51,100,1,,,,,,,,,,,,,,,,,,,,,,,,,17.36,0,-1,17.44,0,-1,18.84,0,-1,18.92,0,-1,20.53,0,-1,20.62,0,-1,20.94,0,-1,21.47,0,-2,,,,,,,ARL,0
2025-07-17T11:01:05.260586668Z,2025-07-17T11:01:05.260421351Z,10,2,1108,C,A,10,21.470000000,100,12985417,165317,10824633,5.90,100,1,5.51,100,1,,,,,,,,,,,,,,,,,,,,,,,,,17.36,0,-1,17.44,0,-1,18.84,0,-1,18.92,0,-1,20.53,0,-1,20.62,0,-1,20.94,0,-1,21.47,0,-3,,,,,,,ARL,0
2025-07-17T11:01:05.260611137Z,2025-07-17T11:01:05.260445703Z,10,2,1108,A,A,10,17.440000000,100,13174157,165434,10824634,5.90,100,1,5.51,100,1,,,,,,,,,,,,,,,,,,,,,,,,,17.36,0,-1,17.44,0,-1,18.84,0,-1,18.92,0,-1,20.53,0,-1,20.62,0,-1,20.94,0,-1,21.47,0,-3,,,,,,,ARL,0
2025-07-17T11:01:05.260858436Z,2025-07-17T11:01:05.260693130Z,10,2,1108,C,A,10,21.470000000,100,12985421,165306,10824635,5.90,100,1,5.51,100,1,,,,,,,,,,,,,,,,,,,,,,,,,17.36,0,-1,17.44,0,-2,18.84,0,-1,18.92,0,-1,20.53,0,-1,20.62,0,-1,20.94,0,-1,21.47,0,-3,,,,,,,ARL,0
2025-07-17T11:01:05.260874630Z,2025-07-17T11:01:05.260709480Z,10,2,1108,A,A,10,17.360000000,100,13174161,165150,10824636,5.90,100,1,5.51,100,1,,,,,,,,,,,,,,,,,,,,,,,,,17.36,0,-1,17.44,0,-2,18.84,0,-1,18.92,0,-1,20.53,0,-1,20.62,0,-1,20.94,0,-1,21.47,0,-3,,,,,,,ARL,0
2025-07-17T11:56:26.691626843Z,2025-07-17T11:56:26.691461161Z,10,2,1108,C,B,10,9.790000000,100,12852457,165682,14213017,5.90,100,1,5.51,100,1,,,,,,,,,,,,,,,,,,,,,,,,,17.36,0,-2,17.44,0,-2,18.84,0,-1,18.92,0,-1,20.53,0,-1,20.62,0,-1,20.94,0,-1,21.47,0,-3,,,,,,,ARL,0
2025-07-17T11:56:26.691630539Z,2025-07-17T11:56:26.691465204Z,10,2,1108,C,A,10,17.440000000,100,13174157,165335,14213018,5.90,100,1,5.51,100,1,,,,,,,,,,,,,,,,,,,,,,,,,17.36,0,-2,17.44,0,-2,18.84,0,-1,18.92,0,-1,20.53,0,-1,20.62,0,-1,20.94,0,-1,21.47,0,-3,,,,,,,ARL,0
2025-07-17T11:56:26.694933250Z,2025-07-17T11:56:26.694767820Z,10,2,1108,A,B,10,9.790000000,100,19202569,165430,14213075,9.79,100,1,5.90,100,1,5.51,100,1,,,,,,,,,,,,,,,,,,,,,,17.36,0,-2,17.44,0,-2,18.84,0,-1,18.92,0,-1,20.53,0,-1,20.62,0,-1,20.94,0,-1,21.47,0,-3,,,,,,,ARL,0
2025-07-17T11:56:26.694937361Z,2025-07-17T11:56:26.694772016Z,10,2,1108,A,A,10,17.440000000,100,19202573,165345,14213076,9.79,100,1,5.90,100,1,5.51,100,1,,,,,,,,,,,,,,,,,,,,,,17.36,0,-2,17.44,0,-2,18.84,0,-1,18.92,0,-1,20.53,0,-1,20.62,0,-1,20.94,0,-1,21.47,0,-3,,,,,,,ARL,0
2025-07-17T11:56:30.446102409Z,2025-07-17T11:56:30.445937099Z,10,2,1108,C,A,10,17.440000000,100,19202573,165310,14219824,9.79,100,1,5.90,100,1,5.51,100,1,,,,,,,,,,,,,,,,,,,,,,17.36,0,-2,17.44,0,-3,18.84,0,-1,18.92,0,-1,20.53,0,-1,20.62,0,-1,20.94,0,-1,21.47,0,-3,,,,,,,ARL,0
2025-07-17T11:56:30.446117449Z,2025-07-17T11:56:30.445951937Z,10,2,1108,A,A,10,17.930000000,100,19218909,165512,14219825,9.79,100,1,5.90,100,1,5.51,100,1,,,,,,,,,,,,,,,,,,,,,,17.36,0,-2,17.44,0,-3,18.84,0,-1,18.92,0,-1,20.53,0,-1,20.62,0,-1,20.94,0,-1,21.47,0,-3,,,,,,,ARL,0
2025-07-17T11:56:30.446231965Z,2025-07-17T11:56:30.446066952Z,10,2,1108,C,A,10,17.930000000,100,19218909,165013,14219826,9.79,100,1,5.90,100,1,5.51,100,1,,,,,,,,,,,,,,,,,,,,,,17.36,0,-2,17.44,0,-3,17.93,0,-1,18.84,0,-1,18.92,0,-1,20.53,0,-1,20.62,0,-1,20.94,0,-1,21.47,0,-3,,,,ARL,0
2025-07-17T11:56:30.446250148Z,2025-07-17T11:56:30.446084801Z,10,2,1108,A,A,10,17.440000000,100,19218913,165347,14219827,9.79,100,1,5.90,100,1,5.51,100,1,,,,,,,,,,,,,,,,,,,,,,17.36,0,-2,17.44,0,-3,17.93,0,-1,18.84,0,-1,18.92,0,-1,20.53,0,-1,20.62,0,-1,20.94,0,-1,21.47,0,-3,,,,ARL,0
2025-07-17T11:56:30.446357192Z,2025-07-17T11:56:30.446191769Z,10,2,1108,C,A,10,17.360000000,100,13174161,165423,14219828,9.79,100,1,5.90,100,1,5.51,100,1,,,,,,,,,,,,,,,,,,,,,,17.36,0,-2,17.44,0,-4,17.93,0,-1,18.84,0,-1,18.92,0,-1,20.53,0,-1,20.62,0,-1,20.94,0,-1,21.47,0,-3,,,,ARL,0
2025-07-17T11:56:30.446379036Z,2025-07-17T11:56:30.446213519Z,10,2,1108,A,A,10,17.850000000,100,19218917,165517,14219829,9.79,100,1,5.90,100,1,5.51,100,1,,,,,,,,,,,,,,,,,,,,,,17.36,0,-2,17.44,0,-4,17.93,0,-1,18.84,0,-1,18.92,0,-1,20.53,0,-1,20.62,0,-1,20.94,0,-1,21.47,0,-3,,,,ARL,0
2025-07-17T11:56:30.446543637Z,2025-07-17T11:56:30.446378732Z,10,2,1108,C,A,10,17.850000000,100,19218917,164905,14219830,9.79,100,1,5.90,100,1,5.51,100,1,,,,,,,,,,,,,,,,,,,,,,17.36,0,-2,17.44,0,-4,17.85,0,-1,17.93,0,-1,18.84,0,-1,18.92,0,-1,20.53,0,-1,20.62,0,-1,20.94,0,-1,21.47,0,-3,ARL,0
2025-07-17T11:56:30.446723646Z,2025-07-17T11:56:30.446558412Z,10,2,1108,A,A,10,17.360000000,100,19218921,165234,14219831,9.79,100,1,5.90,100,1,5.51,100,1,,,,,,,,,,,,,,,,,,,,,,17.36,0,-2,17.44,0,-4,17.85,0,-1,17.93,0,-1,18.84,0,-1,18.92,0,-1,20.53,0,-1,20.62,0,-1,20.94,0,-1,21.47,0,-3,ARL,0
2025-07-17T11:57:30.222987797Z,2025-07-17T11:57:30.222822537Z,10,2,1108,C,B,10,9.840000000,100,12852537,165260,14325877,9.79,100,1,5.90,100,1,5.51,100,1,,,,,,,,,,,,,,,,,,,,,,17.36,0,-3,17.44,0,-4,17.85,0,-1,17.93,0,-1,18.84,0,-1,18.92,0,-1,20.53,0,-1,20.62,0,-1,20.94,0,-1,21.47,0,-3,ARL,0
2025-07-17T11:57:30.222988778Z,2025-07-17T11:57:30.222823580Z,10,2,1108,C,A,10,17.360000000,100,19218921,165198,14325878,9.79,100,1,5.90,100,1,5.51,100,1,,,,,,,,,,,,,,,,,,,,,,17.36,0,-3,17.44,0,-4,17.85,0,-1,17.93,0,-1,18.84,0,-1,18.92,0,-1,20.53,0,-1,20.62,0,-1,20.94,0,-1,21.47,0,-3,ARL,0
2025-07-17T11:57:30.224151967Z,2025-07-17T11:57:30.223986626Z,10,2,1108,A,B,10,9.840000000,100,19346173,165341,14325937,9.84,100,1,9.79,100,1,5.90,100,1,5.51,100,1,,,,,,,,,,,,,,,,,,,17.36,0,-3,17.44,0,-4,17.85,0,-1,17.93,0,-1,18.84,0,-1,18.92,0,-1,20.53,0,-1,20.62,0,-1,20.94,0,-1,21.47,0,-3,ARL,0
2025-07-17T11:57:30.224156146Z,2025-07-17T11:57:30.223991040Z,10,2,1108,A,A,10,17.360000000,100,19346177,165106,14325938,9.84,100,1,9.79,100,1,5.90,100,1,5.51,100,1,,,,,,,,,,,,,,,,,,,17.36,0,-3,17.44,0,-4,17.85,0,-1,17.93,0,-1,18.84,0,-1,18.92,0,-1,20.53,0,-1,20.62,0,-1,20.94,0,-1,21.47,0,-3,ARL,0
2025-07-17T12:30:01.318008785Z,2025-07-17T12:30:01.317842911Z,10,2,1108,A,A,10,20.480000000,100,23570297,165874,16864046,9.84,100,1,9.79,100,1,5.90,100,1,5.51,100,1,,,,,,,,,,,,,,,,,,,17.36,0,-3,17.44,0,-4,17.85,0,-1,17.93,0,-1,18.84,0,-1,18.92,0,-1,20.53,0,-1,20.62,0,-1,20.94,0,-1,21.47,0,-3,ARL,0
2025-07-17T12:30:03.426465857Z,2025-07-17T12:30:03.426300621Z,10,2,1108,A,B,10,7.740000000,100,23616197,165236,16882670,9.84,100,1,9.79,100,1,7.74,100,1,5.90,100,1,5.51,100,1,,,,,,,,,,,,,,,,17.36,0,-3,17.44,0,-4,17.85,0,-1,17.93,0,-1,18.84,0,-1,18.92,0,-1,20.53,0,-1,20.62,0,-1,20.94,0,-1,21.47,0,-3,ARL,0
2025-07-17T12:30:03.426466862Z,2025-07-17T12:30:03.426301523Z,10,2,1108,A,A,10,20.480000000,100,23616201,165339,16882671,9.84,100,1,9.79,100,1,7.74,100,1,5.90,100,1,5.51,100,1,,,,,,,,,,,,,,,,17.36,0,-3,17.44,0,-4,17.85,0,-1,17.93,0,-1,18.84,0,-1,18.92,0,-1,20.53,0,-1,20.62,0,-1,20.94,0,-1,21.47,0,-3,ARL,0
2025-07-17T12:30:03.604699168Z,2025-07-17T12:30:03.604533925Z,10,2,1108,A,B,10,7.740000000,100,23622101,165243,16886020,9.84,100,1,9.79,100,1,7.74,200,2,5.90,100,1,5.51,100,1,,,,,,,,,,,,,,,,17.36,0,-3,17.44,0,-4,17.85,0,-1,17.93,0,-1,18.84,0,-1,18.92,0,-1,20.53,0,-1,20.62,0,-1,20.94,0,-1,21.47,0,-3,ARL,0
2025-07-17T12:30:51.178394233Z,2025-07-17T12:30:51.178228608Z,10,2,1108,A,A,10,20.480000000,100,24099409,165625,17120703,9.84,100,1,9.79,100,1,7.74,200,2,5.90,100,1,5.51,100,1,,,,,,,,,,,,,,,,17.36,0,-3,17.44,0,-4,17.85,0,-1,17.93,0,-1,18.84,0,-1,18.92,0,-1,20.53,0,-1,20.62,0,-1,20.94,0,-1,21.47,0,-3,ARL,0
2025-07-17T12:30:51.643125167Z,2025-07-17T12:30:51.642959794Z,10,2,1108,A,B,10,7.740000000,100,24102329,165373,17122998,9.84,100,1,9.79,100,1,7.74,300,3,5.90,100,1,5.51,100,1,,,,,,,,,,,,,,,,17.36,0,-3,17.44,0,-4,17.85,0,-1,17.93,0,-1,18.84,0,-1,18.92,0,-1,20.53,0,-1,20.62,0,-1,20.94,0,-1,21.47,0,-3,ARL,0
2025-07-17T13:15:00.032611736Z,2025-07-17T13:15:00.032446132Z,10,2,1108,C,A,10,17.440000000,100,19218913,165604,23080007,9.84,100,1,9.79,100,1,7.74,200,2,5.90,100,1,5.51,100,1,,,,,,,,,,,,,,,,17.36,0,-3,17.44,0,-4,17.85,0,-1,17.93,0,-1,18.84,0,-1,18.92,0,-1,20.53,0,-1,20.62,0,-1,20.94,0,-1,21.47,0,-3,ARL,0
2025-07-17T13:15:00.032651211Z,2025-07-17T13:15:00.032483824Z,10,2,1108,C,B,10,9.790000000,100,19202569,167387,23080041,9.84,100,1,9.79,100,1,7.74,200,2,5.90,100,1,5.51,100,1,,,,,,,,,,,,,,,,17.36,0,-3,17.44,0,-4,17.85,0,-1,17.93,0,-1,18.84,0,-1,18.92,0,-1,20.53,0,-1,20.62,0,-1,20.94,0,-1,21.47,0,-3,ARL,0
2025-07-17T13:15:00.058480238Z,2025-07-17T13:15:00.058314138Z,10,2,1108,C,A,10,17.360000000,100,19346177,166100,23101369,9.84,100,1,9.79,100,1,7.74,200,2,5.90,100,1,5.51,100,1,,,,,,,,,,,,,,,,17.36,0,-3,17.44,0,-4,17.85,0,-1,17.93,0,-1,18.84,0,-1,18.92,0,-1,20.53,0,-1,20.62,0,-1,20.94,0,-1,21.47,0,-3,ARL,0
2025-07-17T13:15:00.058537384Z,2025-07-17T13:15:00.058371545Z,10,2,1108,C,B,10,9.840000000,100,19346173,165839,23101396,9.84,100,1,9.79,100,1,7.74,200,2,5.90,100,1,5.51,100,1,,,,,,,,,,,,,,,,17.36,0,-3,17.44,0,-4,17.85,0,-1,17.93,0,-1,18.84,0,-1,18.92,0,-1,20.53,0,-1,20.62,0,-1,20.94,0,-1,21.47,0,-3,ARL,0
2025-07-17T13:15:01.925239044Z,2025-07-17T13:15:01.925073727Z,10,2,1108,A,B,10,7.740000000,100,31960841,165317,23123943,9.84,100,1,9.79,100,1,7.74,300,3,5.90,100,1,5.51,100,1,,,,,,,,,,,,,,,,17.36,0,-3,17.44,0,-4,17.85,0,-1,17.93,0,-1,18.84,0,-1,18.92,0,-1,20.53,0,-1,20.62,0,-1,20.94,0,-1,21.47,0,-3,ARL,0
2025-07-17T13:15:02.042906947Z,2025-07-17T13:15:02.042741730Z,10,2,1108,A,A,10,20.480000000,100,31962113,165217,23124563,9.84,100,1,9.79,100,1,7.74,300,3,5.90,100,1,5.51,100,1,,,,,,,,,,,,,,,,17.36,0,-3,17.44,0,-4,17.85,0,-1,17.93,0,-1,18.84,0,-1,18.92,0,-1,20.53,0,-1,20.62,0,-1,20.94,0,-1,21.47,0,-3,ARL,0
2025-07-17T13:17:49.831329888Z,2025-07-17T13:17:49.831164624Z,10,2,1108,A,B,10,7.740000000,100,33574717,165264,23465434,9.84,100,1,9.79,100,1,7.74,400,4,5.90,100,1,5.51,100,1,,,,,,,,,,,,,,,,17.36,0,-3,17.44,0,-4,17.85,0,-1,17.93,0,-1,18.84,0,-1,18.92,0,-1,20.53,0,-1,20.62,0,-1,20.94,0,-1,21.47,0,-3,ARL,0
2025-07-17T13:17:49.831709365Z,2025-07-17T13:17:49.831544051Z,10,2,1108,A,A,10,20.480000000,100,33574725,165314,23465435,9.84,100,1,9.79,100,1,7.74,400,4,5.90,100,1,5.51,100,1,,,,,,,,,,,,,,,,17.36,0,-3,17.44,0,-4,17.85,0,-1,17.93,0,-1,18.84,0,-1,18.92,0,-1,20.53,0,-1,20.62,0,-1,20.94,0,-1,21.47,0,-3,ARL,0
2025-07-17T13:19:57.597368321Z,2025-07-17T13:19:57.597203040Z,10,2,1108,A,B,10,8.740000000,100,34790041,165281,23710201,9.84,100,1,9.79,100,1,8.74,100,1,7.74,400,4,5.90,100,1,5.51,100,1,,,,,,,,,,,,,17.36,0,-3,17.44,0,-4,17.85,0,-1,17.93,0,-1,18.84,0,-1,18.92,0,-1,20.53,0,-1,20.62,0,-1,20.94,0,-1,21.47,0,-3,ARL,0
2025-07-17T13:19:57.597456270Z,2025-07-17T13:19:57.597291053Z,10,2,1108,A,A,10,18.350000000,100,34790045,165217,23710202,9.84,100,1,9.79,100,1,8.74,100,1,7.74,400,4,5.90,100,1,5.51,100,1,,,,,,,,,,,,,17.36,0,-3,17.44,0,-4,17.85,0,-1,17.93,0,-1,18.84,0,-1,18.92,0,-1,20.53,0,-1,20.62,0,-1,20.94,0,-1,21.47,0,-3,ARL,0
2025-07-17T13:19:58.492785060Z,2025-07-17T13:19:58.492619751Z,10,2,1108,A,A,10,18.240000000,100,34810233,165309,23728432,9.84,100,1,9.79,100,1,8.74,100,1,7.74,400,4,5.90,100,1,5.51,100,1,,,,,,,,,,,,,17.36,0,-3,17.44,0,-4,17.85,0,-1,17.93,0,-1,18.84,0,-1,18.92,0,-1,20.53,0,-1,20.62,0,-1,20.94,0,-1,21.47,0,-3,ARL,0
2025-07-17T13:19:58.492799826Z,2025-07-17T13:19:58.492634480Z,10,2,1108,A,B,10,9.240000000,100,34810241,165346,23728435,9.84,100,1,9.79,100,1,9.24,100,1,8.74,100,1,7.74,400,4,5.90,100,1,5.51,100,1,,,,,,,,,,17.36,0,-3,17.44,0,-4,17.85,0,-1,17.93,0,-1,18.84,0,-1,18.92,0,-1,20.53,0,-1,20.62,0,-1,20.94,0,-1,21.47,0,-3,ARL,0
2025-07-17T13:20:00.525430361Z,2025-07-17T13:20:00.525263842Z,10,2,1108,C,A,10,18.240000000,100,34810233,166519,23765825,9.84,100,1,9.79,100,1,8.74,100,1,7.74,400,4,5.90,100,1,5.51,100,1,,,,,,,,,,,,,17.36,0,-3,17.44,0,-4,17.85,0,-1,17.93,0,-1,18.84,0,-1,18.92,0,-1,20.53,0,-1,20.62,0,-1,20.94,0,-1,21.47,0,-3,ARL,0
2025-07-17T13:20:00.525430361Z,2025-07-17T13:20:00.525264700Z,10,2,1108,C,B,10,9.240000000,100,34810241,165661,23765826,9.84,100,1,9.79,100,1,8.74,100,1,7.74,400,4,5.90,100,1,5.51,100,1,,,,,,,,,,,,,17.36,0,-3,17.44,0,-4,17.85,0,-1,17.93,0,-1,18.84,0,-1,18.92,0,-1,20.53,0,-1,20.62,0,-1,20.94,0,-1,21.47,0,-3,ARL,0
2025-07-17T13:25:00.157632223Z,2025-07-17T13:25:00.157467184Z,10,2,1108,C,B,10,8.740000000,100,34790041,165039,24448205,9.84,100,1,9.79,100,1,8.74,100,1,7.74,400,4,5.90,100,1,5.51,100,1,,,,,,,,,,,,,17.36,0,-3,17.44,0,-4,17.85,0,-1,17.93,0,-1,18.84,0,-1,18.92,0,-1,20.53,0,-1,20.62,0,-1,20.94,0,-1,21.47,0,-3,ARL,0
2025-07-17T13:25:00.157638512Z,2025-07-17T13:25:00.157473422Z,10,2,1108,C,A,10,18.350000000,100,34790045,165090,24448207,9.84,100,1,9.79,100,1,8.74,100,1,7.74,400,4,5.90,100,1,5.51,100,1,,,,,,,,,,,,,17.36,0,-3,17.44,0,-4,17.85,0,-1,17.93,0,-1,18.84,0,-1,18.92,0,-1,20.53,0,-1,20.62,0,-1,20.94,0,-1,21.47,0,-3,ARL,0
2025-07-17T13:25:01.732485386Z,2025-07-17T13:25:01.732320109Z,10,2,1108,A,B,10,7.740000000,100,38041417,165277,24478872,9.84,100,1,9.79,100,1,8.74,100,1,7.74,500,5,5.90,100,1,5.51,100,1,,,,,,,,,,,,,17.36,0,-3,17.44,0,-4,17.85,0,-1,17.93,0,-1,18.84,0,-1,18.92,0,-1,20.53,0,-1,20.62,0,-1,20.94,0,-1,21.47,0,-3,ARL,0
2025-07-17T13:25:01.819447960Z,2025-07-17T13:25:01.819282823Z,10,2,1108,A,A,10,20.480000000,100,38043741,165137,24480276,9.84,100,1,9.79,100,1,8.74,100,1,7.74,500,5,5.90,100,1,5.51,100,1,,,,,,,,,,,,,17.36,0,-3,17.44,0,-4,17.85,0,-1,17.93,0,-1,18.84,0,-1,18.92,0,-1,20.53,0,-1,20.62,0,-1,20.94,0,-1,21.47,0,-3,ARL,0
2025-07-17T13:28:08.192080463Z,2025-07-17T13:28:08.191915168Z,10,2,1108,A,B,10,7.740000000,100,40617777,165295,25597187,9.84,100,1,9.79,100,1,8.74,100,1,7.74,600,6,5.90,100,1,5.51,100,1,,,,,,,,,,,,,17.36,0,-3,17.44,0,-4,17.85,0,-1,17.93,0,-1,18.84,0,-1,18.92,0,-1,20.53,0,-1,20.62,0,-1,20.94,0,-1,21.47,0,-3,ARL,0
2025-07-17T13:28:08.192147601Z,2025-07-17T13:28:08.191982270Z,10,2,1108,A,A,10,20.480000000,100,40617785,165331,25597189,9.84,100,1,9.79,100,1,8.74,100,1,7.74,600,6,5.90,100,1,5.51,100,1,,,,,,,,,,,,,17.36,0,-3,17.44,0,-4,17.85,0,-1,17.93,0,-1,18.84,0,-1,18.92,0,-1,20.53,0,-1,20.62,0,-1,20.94,0,-1,21.47,0,-3,ARL,0
2025-07-17T13:28:21.011414592Z,2025-07-17T13:28:21.011249114Z,10,2,1108,A,A,10,18.320000000,700,40846101,165478,25907820,9.84,100,1,9.79,100,1,8.74,100,1,7.74,600,6,5.90,100,1,5.51,100,1,,,,,,,,,,,,,17.36,0,-3,17.44,0,-4,17.85,0,-1,17.93,0,-1,18.84,0,-1,18.92,0,-1,20.53,0,-1,20.62,0,-1,20.94,0,-1,21.47,0,-3,ARL,0
2025-07-17T13:28:21.029030365Z,2025-07-17T13:28:21.028865155Z,10,2,1108,A,B,10,9.290000000,700,40851989,165210,25917006,9.84,100,1,9.79,100,1,9.29,700,1,8.74,100,1,7.74,600,6,5.90,100,1,5.51,100,1,,,,,,,,,,17.36,0,-3,17.44,0,-4,17.85,0,-1,17.93,0,-1,18.84,0,-1,18.92,0,-1,20.53,0,-1,20.62,0,-1,20.94,0,-1,21.47,0,-3,ARL,0
2025-07-17T13:28:30.048895468Z,2025-07-17T13:28:30.048730211Z,10,2,1108,A,B,10,9.670000000,100,40999441,165257,26140646,9.84,100,1,9.79,100,1,9.67,100,1,9.29,700,1,8.74,100,1,7.74,600,6,5.90,100,1,5.51,100,1,,,,,,,17.36,0,-3,17.44,0,-4,17.85,0,-1,17.93,0,-1,18.84,0,-1,18.92,0,-1,20.53,0,-1,20.62,0,-1,20.94,0,-1,21.47,0,-3,ARL,0
2025-07-17T13:28:30.048907452Z,2025-07-17T13:28:30.048741690Z,10,2,1108,A,A,10,17.600000000,100,40999449,165762,26140658,9.84,100,1,9.79,100,1,9.67,100,1,9.29,700,1,8.74,100,1,7.74,600,6,5.90,100,1,5.51,100,1,,,,,,,17.36,0,-3,17.44,0,-4,17.85,0,-1,17.93,0,-1,18.84,0,-1,18.92,0,-1,20.53,0,-1,20.62,0,-1,20.94,0,-1,21.47,0,-3,ARL,0
2025-07-17T13:28:30.052061798Z,2025-07-17T13:28:30.051894007Z,10,2,1108,A,B,10,9.990000000,100,41000165,167791,26142104,9.99,100,1,9.84,100,1,9.79,100,1,9.67,100,1,9.29,700,1,8.74,100,1,7.74,600,6,5.90,100,1,5.51,100,1,,,,17.36,0,-3,17.44,0,-4,17.85,0,-1,17.93,0,-1,18.84,0,-1,18.92,0,-1,20.53,0,-1,20.62,0,-1,20.94,0,-1,21.47,0,-3,ARL,0
2025-07-17T13:28:30.052072568Z,2025-07-17T13:28:30.051907073Z,10,2,1108,A,A,10,17.120000000,100,41000173,165495,26142118,9.99,100,1,9.84,100,1,9.79,100,1,9.67,100,1,9.29,700,1,8.74,100,1,7.74,600,6,5.90,100,1,5.51,100,1,,,,17.36,0,-3,17.44,0,-4,17.85,0,-1,17.93,0,-1,18.84,0,-1,18.92,0,-1,20.53,0,-1,20.62,0,-1,20.94,0,-1,21.47,0,-3,ARL,0
2025-07-17T13:28:30.257018844Z,2025-07-17T13:28:30.256853564Z,10,2,1108,A,B,10,9.670000000,100,41021369,165280,26170917,9.99,100,1,9.84,100,1,9.79,100,1,9.67,200,2,9.29,700,1,8.74,100,1,7.74,600,6,5.90,100,1,5.51,100,1,,,,17.36,0,-3,17.44,0,-4,17.85,0,-1,17.93,0,-1,18.84,0,-1,18.92,0,-1,20.53,0,-1,20.62,0,-1,20.94,0,-1,21.47,0,-3,ARL,0
2025-07-17T13:28:30.257031156Z,2025-07-17T13:28:30.256865858Z,10,2,1108,A,A,10,17.600000000,100,41021373,165298,26170918,9.99,100,1,9.84,100,1,9.79,100,1,9.67,200,2,9.29,700,1,8.74,100,1,7.74,600,6,5.90,100,1,5.51,100,1,,,,17.36,0,-3,17.44,0,-4,17.85,0,-1,17.93,0,-1,18.84,0,-1,18.92,0,-1,20.53,0,-1,20.62,0,-1,20.94,0,-1,21.47,0,-3,ARL,0
2025-07-17T13:28:30.277622346Z,2025-07-17T13:28:30.277457031Z,10,2,1108,A,B,10,9.990000000,100,41021837,165315,26171531,9.99,200,2,9.84,100,1,9.79,100,1,9.67,200,2,9.29,700,1,8.74,100,1,7.74,600,6,5.90,100,1,5.51,100,1,,,,17.36,0,-3,17.44,0,-4,17.85,0,-1,17.93,0,-1,18.84,0,-1,18.92,0,-1,20.53,0,-1,20.62,0,-1,20.94,0,-1,21.47,0,-3,ARL,0
2025-07-17T13:28:30.277635645Z,2025-07-17T13:28:30.277470320Z,10,2,1108,A,A,10,17.120000000,100,41021841,165325,26171533,9.99,200,2,9.84,100,1,9.79,100,1,9.67,200,2,9.29,700,1,8.74,100,1,7.74,600,6,5.90,100,1,5.51,100,1,,,,17.36,0,-3,17.44,0,-4,17.85,0,-1,17.93,0,-1,18.84,0,-1,18.92,0,-1,20.53,0,-1,20.62,0,-1,20.94,0,-1,21.47,0,-3,ARL,0
2025-07-17T13:28:30.613482667Z,2025-07-17T13:28:30.613317490Z,10,2,1108,A,B,10,9.130000000,100,41032049,165177,26182390,9.99,200,2,9.84,100,1,9.79,100,1,9.67,200,2,9.29,700,1,9.13,100,1,8.74,100,1,7.74,600,6,5.90,100,1,5.51,100,1,17.36,0,-3,17.44,0,-4,17.85,0,-1,17.93,0,-1,18.84,0,-1,18.92,0,-1,20.53,0,-1,20.62,0,-1,20.94,0,-1,21.47,0,-3,ARL,0
2025-07-17T13:28:30.613495057Z,2025-07-17T13:28:30.613329849Z,10,2,1108,A,A,10,18.400000000,100,41032057,165208,26182393,9.99,200,2,9.84,100,1,9.79,100,1,9.67,200,2,9.29,700,1,9.13,100,1,8.74,100,1,7.74,600,6,5.90,100,1,5.51,100,1,17.36,0,-3,17.44,0,-4,17.85,0,-1,17.93,0,-1,18.84,0,-1,18.92,0,-1,20.53,0,-1,20.62,0,-1,20.94,0,-1,21.47,0,-3,ARL,0
2025-07-17T13:28:41.476876547Z,2025-07-17T13:28:41.476711173Z,10,2,1108,A,B,10,7.840000000,100,41306441,165374,26518296,9.99,200,2,9.84,100,1,9.79,100,1,9.67,200,2,9.29,700,1,9.13,100,1,8.74,100,1,7.84,100,1,7.74,600,6,5.90,100,1,17.36,0,-3,17.44,0,-4,17.85,0,-1,17.93,0,-1,18.84,0,-1,18.92,0,-1,20.53,0,-1,20.62,0,-1,20.94,0,-1,21.47,0,-3,ARL,0
2025-07-17T13:28:41.476887975Z,2025-07-17T13:28:41.476722715Z,10,2,1108,A,A,10,20.320000000,100,41306445,165260,26518297,9.99,200,2,9.84,100,1,9.79,100,1,9.67,200,2,9.29,700,1,9.13,100,1,8.74,100,1,7.84,100,1,7.74,600,6,5.90,100,1,17.36,0,-3,17.44,0,-4,17.85,0,-1,17.93,0,-1,18.84,0,-1,18.92,0,-1,20.53,0,-1,20.62,0,-1,20.94,0,-1,21.47,0,-3,ARL,0
2025-07-17T13:28:46.014904874Z,2025-07-17T13:28:46.014739305Z,10,2,1108,A,A,10,15.300000000,100,41370837,165569,26613800,9.99,200,2,9.84,100,1,9.79,100,1,9.67,200,2,9.29,700,1,9.13,100,1,8.74,100,1,7.84,100,1,7.74,600,6,5.90,100,1,17.36,0,-3,17.44,0,-4,17.85,0,-1,17.93,0,-1,18.84,0,-1,18.92,0,-1,20.53,0,-1,20.62,0,-1,20.94,0,-1,21.47,0,-3,ARL,0
2025-07-17T13:28:46.014968000Z,2025-07-17T13:28:46.014802018Z,10,2,1108,C,A,10,20.480000000,100,23570297,165982,26613836,9.99,200,2,9.84,100,1,9.79,100,1,9.67,200,2,9.29,700,1,9.13,100,1,8.74,100,1,7.84,100,1,7.74,600,6,5.90,100,1,15.30,0,-1,17.36,0,-3,17.44,0,-4,17.85,0,-1,17.93,0,-1,18.84,0,-1,18.92,0,-1,20.53,0,-1,20.62,0,-1,20.94,0,-1,ARL,0
2025-07-17T13:28:46.014968000Z,2025-07-17T13:28:46.014802018Z,10,2,1108,A,A,10,19.580000000,100,41370945,165982,26613836,9.99,200,2,9.84,100,1,9.79,100,1,9.67,200,2,9.29,700,1,9.13,100,1,8.74,100,1,7.84,100,1,7.74,600,6,5.90,100,1,15.30,0,-1,17.36,0,-3,17.44,0,-4,17.85,0,-1,17.93,0,-1,18.84,0,-1,18.92,0,-1,20.53,0,-1,20.62,0,-1,20.94,0,-1,ARL,0
2025-07-17T13:28:46.014969135Z,2025-07-17T13:28:46.014803011Z,10,2,1108,C,A,10,20.480000000,100,23616201,166124,26613837,9.99,200,2,9.84,100,1,9.79,100,1,9.67,200,2,9.29,700,1,9.13,100,1,8.74,100,1,7.84,100,1,7.74,600,6,5.90,100,1,15.30,0,-1,17.36,0,-3,17.44,0,-4,17.85,0,-1,17.93,0,-1,18.84,0,-1,18.92,0,-1,19.58,0,-1,20.53,0,-1,20.62,0,-1,ARL,0
2025-07-17T13:28:46.014969135Z,2025-07-17T13:28:46.014803011Z,10,2,1108,A,A,10,19.580000000,100,41370949,166124,26613837,9.99,200,2,9.84,100,1,9.79,100,1,9.67,200,2,9.29,700,1,9.13,100,1,8.74,100,1,7.84,100,1,7.74,600,6,5.90,100,1,15.30,0,-1,17.36,0,-3,17.44,0,-4,17.85,0,-1,17.93,0,-1,18.84,0,-1,18.92,0,-1,19.58,0,-1,20.53,0,-1,20.62,0,-1,ARL,0
2025-07-17T13:28:46.014970699Z,2025-07-17T13:28:46.014804158Z,10,2,1108,C,A,10,20.480000000,100,24099409,166541,26613838,9.99,200,2,9.84,100,1,9.79,100,1,9.67,200,2,9.29,700,1,9.13,100,1,8.74,100,1,7.84,100,1,7.74,600,6,5.90,100,1,15.30,0,-1,17.36,0,-3,17.44,0,-4,17.85,0,-1,17.93,0,-1,18.84,0,-1,18.92,0,-1,19.58,0,-2,20.53,0,-1,20.62,0,-1,ARL,0
2025-07-17T13:28:46.014970699Z,2025-07-17T13:28:46.014804158Z,10,2,1108,A,A,10,19.580000000,100,41370953,166541,26613838,9.99,200,2,9.84,100,1,9.79,100,1,9.67,200,2,9.29,700,1,9.13,100,1,8.74,100,1,7.84,100,1,7.74,600,6,5.90,100,1,15.30,0,-1,17.36,0,-3,17.44,0,-4,17.85,0,-1,17.93,0,-1,18.84,0,-1,18.92,0,-1,19.58,0,-2,20.53,0,-1,20.62,0,-1,ARL,0
2025-07-17T13:28:46.014970699Z,2025-07-17T13:28:46.014804564Z,10,2,1108,C,A,10,20.480000000,100,31962113,166135,26613839,9.99,200,2,9.84,100,1,9.79,100,1,9.67,200,2,9.29,700,1,9.13,100,1,8.74,100,1,7.84,100,1,7.74,600,6,5.90,100,1,15.30,0,-1,17.36,0,-3,17.44,0,-4,17.85,0,-1,17.93,0,-1,18.84,0,-1,18.92,0,-1,19.58,0,-3,20.53,0,-1,20.62,0,-1,ARL,0
2025-07-17T13:28:46.014970699Z,2025-07-17T13:28:46.014804564Z,10,2,1108,A,A,10,19.580000000,100,41370957,166135,26613839,9.99,200,2,9.84,100,1,9.79,100,1,9.67,200,2,9.29,700,1,9.13,100,1,8.74,100,1,7.84,100,1,7.74,600,6,5.90,100,1,15.30,0,-1,17.36,0,-3,17.44,0,-4,17.85,0,-1,17.93,0,-1,18.84,0,-1,18.92,0,-1,19.58,0,-3,20.53,0,-1,20.62,0,-1,ARL,0
2025-07-17T13:28:46.014972151Z,2025-07-17T13:28:46.014805680Z,10,2,1108,C,A,10,20.480000000,100,33574725,166471,26613840,9.99,200,2,9.84,100,1,9.79,100,1,9.67,200,2,9.29,700,1,9.13,100,1,8.74,100,1,7.84,100,1,7.74,600,6,5.90,100,1,15.30,0,-1,17.36,0,-3,17.44,0,-4,17.85,0,-1,17.93,0,-1,18.84,0,-1,18.92,0,-1,19.58,0,-4,20.53,0,-1,20.62,0,-1,ARL,0
2025-07-17T13:28:46.014972151Z,2025-07-17T13:28:46.014805680Z,10,2,1108,A,A,10,19.580000000,100,41370961,166471,26613840,9.99,200,2,9.84,100,1,9.79,100,1,9.67,200,2,9.29,700,1,9.13,100,1,8.74,100,1,7.84,100,1,7.74,600,6,5.90,100,1,15.30,0,-1,17.36,0,-3,17.44,0,-4,17.85,0,-1,17.93,0,-1,18.84,0,-1,18.92,0,-1,19.58,0,-4,20.53,0,-1,20.62,0,-1,ARL,0
2025-07-17T13:28:46.014972151Z,2025-07-17T13:28:46.014805841Z,10,2,1108,C,A,10,20.480000000,100,38043741,166310,26613841,9.99,200,2,9.84,100,1,9.79,100,1,9.67,200,2,9.29,700,1,9.13,100,1,8.74,100,1,7.84,100,1,7.74,600,6,5.90,100,1,15.30,0,-1,17.36,0,-3,17.44,0,-4,17.85,0,-1,17.93,0,-1,18.84,0,-1,18.92,0,-1,19.58,0,-5,20.53,0,-1,20.62,0,-1,ARL,0
2025-07-17T13:28:46.014972151Z,2025-07-17T13:28:46.014805841Z,10,2,1108,A,A,10,19.580000000,100,41370965,166310,26613841,9.99,200,2,9.84,100,1,9.79,100,1,9.67,200,2,9.29,700,1,9.13,100,1,8.74,100,1,7.84,100,1,7.74,600,6,5.90,100,1,15.30,0,-1,17.36,0,-3,17.44,0,-4,17.85,0,-1,17.93,0,-1,18.84,0,-1,18.92,0,-1,19.58,0,-5,20.53,0,-1,20.62,0,-1,ARL,0
2025-07-17T13:28:46.014973343Z,2025-07-17T13:28:46.014807086Z,10,2,1108,C,A,10,20.480000000,100,40617785,166257,26613842,9.99,200,2,9.84,100,1,9.79,100,1,9.67,200,2,9.29,700,1,9.13,100,1,8.74,100,1,7.84,100,1,7.74,600,6,5.90,100,1,15.30,0,-1,17.36,0,-3,17.44,0,-4,17.85,0,-1,17.93,0,-1,18.84,0,-1,18.92,0,-1,19.58,0,-6,20.53,0,-1,20.62,0,-1,ARL,0
2025-07-17T13:28:46.014973343Z,2025-07-17T13:28:46.014807086Z,10,2,1108,A,A,10,19.580000000,100,41370969,166257,26613842,9.99,200,2,9.84,100,1,9.79,100,1,9.67,200,2,9.29,700,1,9.13,100,1,8.74,100,1,7.84,100,1,7.74,600,6,5.90,100,1,15.30,0,-1,17.36,0,-3,17.44,0,-4,17.85,0,-1,17.93,0,-1,18.84,0,-1,18.92,0,-1,19.58,0,-6,20.53,0,-1,20.62,0,-1,ARL,0
2025-07-17T13:28:46.015690361Z,2025-07-17T13:28:46.015523291Z,10,2,1108,A,B,10,10.180000000,700,41371221,167070,26614152,10.18,700,1,9.99,200,2,9.84,100,1,9.79,100,1,9.67,200,2,9.29,700,1,9.13,100,1,8.74,100,1,7.84,100,1,7.74,600,6,15.30,0,-1,17.36,0,-3,17.44,0,-4,17.85,0,-1,17.93,0,-1,18.84,0,-1,18.92,0,-1,19.58,0,-6,20.53,0,-1,20.62,0,-1,ARL,0
2025-07-17T13:28:46.015691617Z,2025-07-17T13:28:46.015525315Z,10,2,1108,A,A,10,16.110000000,700,41371225,166302,26614155,10.18,700,1,9.99,200,2,9.84,100,1,9.79,100,1,9.67,200,2,9.29,700,1,9.13,100,1,8.74,100,1,7.84,100,1,7.74,600,6,15.30,0,-1,17.36,0,-3,17.44,0,-4,17.85,0,-1,17.93,0,-1,18.84,0,-1,18.92,0,-1,19.58,0,-6,20.53,0,-1,20.62,0,-1,ARL,0
2025-07-17T13:28:46.017375168Z,2025-07-17T13:28:46.017209641Z,10,2,1108,C,A,10,17.120000000,100,41000173,165527,26614961,10.18,700,1,9.99,200,2,9.84,100,1,9.79,100,1,9.67,200,2,9.29,700,1,9.13,100,1,8.74,100,1,7.84,100,1,7.74,600,6,15.30,0,-1,17.36,0,-3,17.44,0,-4,17.85,0,-1,17.93,0,-1,18.84,0,-1,18.92,0,-1,19.58,0,-6,20.53,0,-1,20.62,0,-1,ARL,0
2025-07-17T13:28:46.017375168Z,2025-07-17T13:28:46.017209641Z,10,2,1108,A,A,10,16.380000000,100,41372085,165527,26614961,10.18,700,1,9.99,200,2,9.84,100,1,9.79,100,1,9.67,200,2,9.29,700,1,9.13,100,1,8.74,100,1,7.84,100,1,7.74,600,6,15.30,0,-1,17.36,0,-3,17.44,0,-4,17.85,0,-1,17.93,0,-1,18.84,0,-1,18.92,0,-1,19.58,0,-6,20.53,0,-1,20.62,0,-1,ARL,0
2025-07-17T13:28:46.017425627Z,2025-07-17T13:28:46.017260228Z,10,2,1108,C,A,10,17.600000000,100,40999449,165399,26614991,10.18,700,1,9.99,200,2,9.84,100,1,9.79,100,1,9.67,200,2,9.29,700,1,9.13,100,1,8.74,100,1,7.84,100,1,7.74,600,6,15.30,0,-1,16.38,0,-1,17.36,0,-3,17.44,0,-4,17.85,0,-1,17.93,0,-1,18.84,0,-1,18.92,0,-1,19.58,0,-6,20.53,0,-1,ARL,0
2025-07-17T13:28:46.017425627Z,2025-07-17T13:28:46.017260228Z,10,2,1108,A,A,10,16.830000000,100,41372125,165399,26614991,10.18,700,1,9.99,200,2,9.84,100,1,9.79,100,1,9.67,200,2,9.29,700,1,9.13,100,1,8.74,100,1,7.84,100,1,7.74,600,6,15.30,0,-1,16.38,0,-1,17.36,0,-3,17.44,0,-4,17.85,0,-1,17.93,0,-1,18.84,0,-1,18.92,0,-1,19.58,0,-6,20.53,0,-1,ARL,0
2025-07-17T13:28:46.017696573Z,2025-07-17T13:28:46.017531156Z,10,2,1108,C,A,10,17.120000000,100,41021841,165417,26615138,10.18,700,1,9.99,200,2,9.84,100,1,9.79,100,1,9.67,200,2,9.29,700,1,9.13,100,1,8.74,100,1,7.84,100,1,7.74,600,6,15.30,0,-1,16.38,0,-1,16.83,0,-1,17.36,0,-3,17.44,0,-4,17.85,0,-1,17.93,0,-1,18.84,0,-1,18.92,0,-1,19.58,0,-6,ARL,0
2025-07-17T13:28:46.017696573Z,2025-07-17T13:28:46.017531156Z,10,2,1108,A,A,10,16.380000000,100,41372369,165417,26615138,10.18,700,1,9.99,200,2,9.84,100,1,9.79,100,1,9.67,200,2,9.29,700,1,9.13,100,1,8.74,100,1,7.84,100,1,7.74,600,6,15.30,0,-1,16.38,0,-1,16.83,0,-1,17.36,0,-3,17.44,0,-4,17.85,0,-1,17.93,0,-1,18.84,0,-1,18.92,0,-1,19.58,0,-6,ARL,0
2025-07-17T13:28:46.017823073Z,2025-07-17T13:28:46.017657609Z,10,2,1108,C,A,10,17.600000000,100,41021373,165464,26615203,10.18,700,1,9.99,200,2,9.84,100,1,9.79,100,1,9.67,200,2,9.29,700,1,9.13,100,1,8.74,100,1,7.84,100,1,7.74,600,6,15.30,0,-1,16.38,0,-2,16.83,0,-1,17.36,0,-3,17.44,0,-4,17.85,0,-1,17.93,0,-1,18.84,0,-1,18.92,0,-1,19.58,0,-6,ARL,0
2025-07-17T13:28:46.017823073Z,2025-07-17T13:28:46.017657609Z,10,2,1108,A,A,10,16.830000000,100,41372469,165464,26615203,10.18,700,1,9.99,200,2,9.84,100,1,9.79,100,1,9.67,200,2,9.29,700,1,9.13,100,1,8.74,100,1,7.84,100,1,7.74,600,6,15.30,0,-1,16.38,0,-2,16.83,0,-1,17.36,0,-3,17.44,0,-4,17.85,0,-1,17.93,0,-1,18.84,0,-1,18.92,0,-1,19.58,0,-6,ARL,0
2025-07-17T13:28:46.017886428Z,2025-07-17T13:28:46.017721028Z,10,2,1108,C,A,10,18.400000000,100,41032057,165400,26615230,10.18,700,1,9.99,200,2,9.84,100,1,9.79,100,1,9.67,200,2,9.29,700,1,9.13,100,1,8.74,100,1,7.84,100,1,7.74,600,6,15.30,0,-1,16.38,0,-2,16.83,0,-2,17.36,0,-3,17.44,0,-4,17.85,0,-1,17.93,0,-1,18.84,0,-1,18.92,0,-1,19.58,0,-6,ARL,0
2025-07-17T13:28:46.017886428Z,2025-07-17T13:28:46.017721028Z,10,2,1108,A,A,10,17.600000000,100,41372493,165400,26615230,10.18,700,1,9.99,200,2,9.84,100,1,9.79,100,1,9.67,200,2,9.29,700,1,9.13,100,1,8.74,100,1,7.84,100,1,7.74,600,6,15.30,0,-1,16.38,0,-2,16.83,0,-2,17.36,0,-3,17.44,0,-4,17.85,0,-1,17.93,0,-1,18.84,0,-1,18.92,0,-1,19.58,0,-6,ARL,0
2025-07-17T13:28:46.018003119Z,2025-07-17T13:28:46.017837874Z,10,2,1108,C,A,10,20.320000000,100,41306445,165245,26615283,10.18,700,1,9.99,200,2,9.84,100,1,9.79,100,1,9.67,200,2,9.29,700,1,9.13,100,1,8.74,100,1,7.84,100,1,7.74,600,6,15.30,0,-1,16.38,0,-2,16.83,0,-2,17.36,0,-3,17.44,0,-4,17.60,0,-1,17.85,0,-1,17.93,0,-1,18.84,0,-1,18.92,0,-1,ARL,0
2025-07-17T13:28:46.018003119Z,2025-07-17T13:28:46.017837874Z,10,2,1108,A,A,10,19.440000000,100,41372549,165245,26615283,10.18,700,1,9.99,200,2,9.84,100,1,9.79,100,1,9.67,200,2,9.29,700,1,9.13,100,1,8.74,100,1,7.84,100,1,7.74,600,6,15.30,0,-1,16.38,0,-2,16.83,0,-2,17.36,0,-3,17.44,0,-4,17.60,0,-1,17.85,0,-1,17.93,0,-1,18.84,0,-1,18.92,0,-1,ARL,0
2025-07-17T13:28:46.022262428Z,2025-07-17T13:28:46.022095254Z,10,2,1108,A,B,10,10.050000000,700,41375793,167174,26616844,10.18,700,1,10.05,700,1,9.99,200,2,9.84,100,1,9.79,100,1,9.67,200,2,9.29,700,1,9.13,100,1,8.74,100,1,7.84,100,1,15.30,0,-1,16.38,0,-2,16.83,0,-2,17.36,0,-3,17.44,0,-4,17.60,0,-1,17.85,0,-1,17.93,0,-1,18.84,0,-1,18.92,0,-1,ARL,0
2025-07-17T13:28:46.022988063Z,2025-07-17T13:28:46.022822832Z,10,2,1108,A,A,10,16.300000000,700,41375973,165231,26617168,10.18,700,1,10.05,700,1,9.99,200,2,9.84,100,1,9.79,100,1,9.67,200,2,9.29,700,1,9.13,100,1,8.74,100,1,7.84,100,1,15.30,0,-1,16.38,0,-2,16.83,0,-2,17.36,0,-3,17.44,0,-4,17.60,0,-1,17.85,0,-1,17.93,0,-1,18.84,0,-1,18.92,0,-1,ARL,0
2025-07-17T13:28:46.025981579Z,2025-07-17T13:28:46.025816567Z,10,2,1108,A,B,10,11.760000000,100,41376297,165012,26618403,11.76,100,1,10.18,700,1,10.05,700,1,9.99,200,2,9.84,100,1,9.79,100,1,9.67,200,2,9.29,700,1,9.13,100,1,8.74,100,1,15.30,0,-1,16.38,0,-2,16.83,0,-2,17.36,0,-3,17.44,0,-4,17.60,0,-1,17.85,0,-1,17.93,0,-1,18.84,0,-1,18.92,0,-1,ARL,0
2025-07-17T13:28:46.026037162Z,2025-07-17T13:28:46.025870563Z,10,2,1108,C,B,10,7.740000000,100,23616197,166599,26618436,10.18,700,1,10.05,700,1,9.99,200,2,9.84,100,1,9.79,100,1,9.67,200,2,9.29,700,1,9.13,100,1,8.74,100,1,7.84,100,1,15.30,0,-1,16.38,0,-2,16.83,0,-2,17.36,0,-3,17.44,0,-4,17.60,0,-1,17.85,0,-1,17.93,0,-1,18.84,0,-1,18.92,0,-1,ARL,0
2025-07-17T13:28:46.026037162Z,2025-07-17T13:28:46.025870563Z,10,2,1108,A,B,10,8.470000000,100,41376333,166599,26618436,10.18,700,1,10.05,700,1,9.99,200,2,9.84,100,1,9.79,100,1,9.67,200,2,9.29,700,1,9.13,100,1,8.74,100,1,8.47,100,1,15.30,0,-1,16.38,0,-2,16.83,0,-2,17.36,0,-3,17.44,0,-4,17.60,0,-1,17.85,0,-1,17.93,0,-1,18.84,0,-1,18.92,0,-1,ARL,0
2025-07-17T13:28:46.026038058Z,2025-07-17T13:28:46.025872146Z,10,2,1108,C,B,10,7.740000000,100,23622101,165912,26618438,10.18,700,1,10.05,700,1,9.99,200,2,9.84,100,1,9.79,100,1,9.67,200,2,9.29,700,1,9.13,100,1,8.74,100,1,7.84,100,1,15.30,0,-1,16.38,0,-2,16.83,0,-2,17.36,0,-3,17.44,0,-4,17.60,0,-1,17.85,0,-1,17.93,0,-1,18.84,0,-1,18.92,0,-1,ARL,0
2025-07-17T13:28:46.026038058Z,2025-07-17T13:28:46.025872146Z,10,2,1108,A,B,10,8.470000000,100,41376337,165912,26618438,10.18,700,1,10.05,700,1,9.99,200,2,9.84,100,1,9.79,100,1,9.67,200,2,9.29,700,1,9.13,100,1,8.74,100,1,8.47,100,1,15.30,0,-1,16.38,0,-2,16.83,0,-2,17.36,0,-3,17.44,0,-4,17.60,0,-1,17.85,0,-1,17.93,0,-1,18.84,0,-1,18.92,0,-1,ARL,0
2025-07-17T13:28:46.026039687Z,2025-07-17T13:28:46.025873388Z,10,2,1108,C,B,10,7.740000000,100,24102329,166299,26618439,10.18,700,1,10.05,700,1,9.99,200,2,9.84,100,1,9.79,100,1,9.67,200,2,9.29,700,1,9.13,100,1,8.74,100,1,7.84,100,1,15.30,0,-1,16.38,0,-2,16.83,0,-2,17.36,0,-3,17.44,0,-4,17.60,0,-1,17.85,0,-1,17.93,0,-1,18.84,0,-1,18.92,0,-1,ARL,0
2025-07-17T13:28:46.026039687Z,2025-07-17T13:28:46.025873388Z,10,2,1108,A,B,10,8.470000000,100,41376341,166299,26618439,10.18,700,1,10.05,700,1,9.99,200,2,9.84,100,1,9.79,100,1,9.67,200,2,9.29,700,1,9.13,100,1,8.74,100,1,8.47,100,1,15.30,0,-1,16.38,0,-2,16.83,0,-2,17.36,0,-3,17.44,0,-4,17.60,0,-1,17.85,0,-1,17.93,0,-1,18.84,0,-1,18.92,0,-1,ARL,0
2025-07-17T13:28:46.026045679Z,2025-07-17T13:28:46.025874774Z,10,2,1108,C,B,10,7.740000000,100,31960841,170905,26618441,10.18,700,1,10.05,700,1,9.99,200,2,9.84,100,1,9.79,100,1,9.67,200,2,9.29,700,1,9.13,100,1,8.74,100,1,7.84,100,1,15.30,0,-1,16.38,0,-2,16.83,0,-2,17.36,0,-3,17.44,0,-4,17.60,0,-1,17.85,0,-1,17.93,0,-1,18.84,0,-1,18.92,0,-1,ARL,0
2025-07-17T13:28:46.026045679Z,2025-07-17T13:28:46.025874774Z,10,2,1108,A,B,10,8.470000000,100,41376345,170905,26618441,10.18,700,1,10.05,700,1,9.99,200,2,9.84,100,1,9.79,100,1,9.67,200,2,9.29,700,1,9.13,100,1,8.74,100,1,8.47,100,1,15.30,0,-1,16.38,0,-2,16.83,0,-2,17.36,0,-3,17.44,0,-4,17.60,0,-1,17.85,0,-1,17.93,0,-1,18.84,0,-1,18.92,0,-1,ARL,0
2025-07-17T13:28:46.026045679Z,2025-07-17T13:28:46.025875041Z,10,2,1108,C,B,10,7.740000000,100,33574717,170638,26618442,10.18,700,1,10.05,700,1,9.99,200,2,9.84,100,1,9.79,100,1,9.67,200,2,9.29,700,1,9.13,100,1,8.74,100,1,7.84,100,1,15.30,0,-1,16.38,0,-2,16.83,0,-2,17.36,0,-3,17.44,0,-4,17.60,0,-1,17.85,0,-1,17.93,0,-1,18.84,0,-1,18.92,0,-1,ARL,0
2025-07-17T13:28:46.026045679Z,2025-07-17T13:28:46.025875041Z,10,2,1108,A,B,10,8.470000000,100,41376349,170638,26618442,10.18,700,1,10.05,700,1,9.99,200,2,9.84,100,1,9.79,100,1,9.67,200,2,9.29,700,1,9.13,100,1,8.74,100,1,8.47,100,1,15.30,0,-1,16.38,0,-2,16.83,0,-2,17.36,0,-3,17.44,0,-4,17.60,0,-1,17.85,0,-1,17.93,0,-1,18.84,0,-1,18.92,0,-1,ARL,0
2025-07-17T13:28:46.026045679Z,2025-07-17T13:28:46.025875401Z,10,2,1108,C,B,10,7.740000000,100,38041417,170278,26618443,10.18,700,1,10.05,700,1,9.99,200,2,9.84,100,1,9.79,100,1,9.67,200,2,9.29,700,1,9.13,100,1,8.74,100,1,7.84,100,1,15.30,0,-1,16.38,0,-2,16.83,0,-2,17.36,0,-3,17.44,0,-4,17.60,0,-1,17.85,0,-1,17.93,0,-1,18.84,0,-1,18.92,0,-1,ARL,0
2025-07-17T13:28:46.026045679Z,2025-07-17T13:28:46.025875401Z,10,2,1108,A,B,10,8.470000000,100,41376353,170278,26618443,10.18,700,1,10.05,700,1,9.99,200,2,9.84,100,1,9.79,100,1,9.67,200,2,9.29,700,1,9.13,100,1,8.74,100,1,8.47,100,1,15.30,0,-1,16.38,0,-2,16.83,0,-2,17.36,0,-3,17.44,0,-4,17.60,0,-1,17.85,0,-1,17.93,0,-1,18.84,0,-1,18.92,0,-1,ARL,0
2025-07-17T13:28:46.026045679Z,2025-07-17T13:28:46.025877502Z,10,2,1108,C,B,10,7.740000000,100,40617777,168177,26618447,10.18,700,1,10.05,700,1,9.99,200,2,9.84,100,1,9.79,100,1,9.67,200,2,9.29,700,1,9.13,100,1,8.74,100,1,7.84,100,1,15.30,0,-1,16.38,0,-2,16.83,0,-2,17.36,0,-3,17.44,0,-4,17.60,0,-1,17.85,0,-1,17.93,0,-1,18.84,0,-1,18.92,0,-1,ARL,0
2025-07-17T13:28:46.026045679Z,2025-07-17T13:28:46.025877502Z,10,2,1108,A,B,10,8.470000000,100,41376357,168177,26618447,10.18,700,1,10.05,700,1,9.99,200,2,9.84,100,1,9.79,100,1,9.67,200,2,9.29,700,1,9.13,100,1,8.74,100,1,8.47,100,1,15.30,0,-1,16.38,0,-2,16.83,0,-2,17.36,0,-3,17.44,0,-4,17.60,0,-1,17.85,0,-1,17.93,0,-1,18.84,0,-1,18.92,0,-1,ARL,0
2025-07-17T13:28:46.027725683Z,2025-07-17T13:28:46.027560174Z,10,2,1108,C,B,10,9.990000000,100,41000165,165509,26619144,10.18,700,1,10.05,700,1,9.99,200,2,9.84,100,1,9.79,100,1,9.67,200,2,9.29,700,1,9.13,100,1,8.74,100,1,7.84,100,1,15.30,0,-1,16.38,0,-2,16.83,0,-2,17.36,0,-3,17.44,0,-4,17.60,0,-1,17.85,0,-1,17.93,0,-1,18.84,0,-1,18.92,0,-1,ARL,0
2025-07-17T13:28:46.027725683Z,2025-07-17T13:28:46.027560174Z,10,2,1108,A,B,10,10.930000000,100,41376501,165509,26619144,10.93,100,1,10.18,700,1,10.05,700,1,9.99,200,2,9.84,100,1,9.79,100,1,9.67,200,2,9.29,700,1,9.13,100,1,8.74,100,1,15.30,0,-1,16.38,0,-2,16.83,0,-2,17.36,0,-3,17.44,0,-4,17.60,0,-1,17.85,0,-1,17.93,0,-1,18.84,0,-1,18.92,0,-1,ARL,0
2025-07-17T13:28:46.029726785Z,2025-07-17T13:28:46.029556957Z,10,2,1108,C,B,10,9.670000000,100,40999441,169828,26619966,10.18,700,1,10.05,700,1,9.99,200,2,9.84,100,1,9.79,100,1,9.67,200,2,9.29,700,1,9.13,100,1,8.74,100,1,7.84,100,1,15.30,0,-1,16.38,0,-2,16.83,0,-2,17.36,0,-3,17.44,0,-4,17.60,0,-1,17.85,0,-1,17.93,0,-1,18.84,0,-1,18.92,0,-1,ARL,0
2025-07-17T13:28:46.029726785Z,2025-07-17T13:28:46.029556957Z,10,2,1108,A,B,10,10.580000000,100,41376725,169828,26619966,10.58,100,1,10.18,700,1,10.05,700,1,9.99,200,2,9.84,100,1,9.79,100,1,9.67,200,2,9.29,700,1,9.13,100,1,8.74,100,1,15.30,0,-1,16.38,0,-2,16.83,0,-2,17.36,0,-3,17.44,0,-4,17.60,0,-1,17.85,0,-1,17.93,0,-1,18.84,0,-1,18.92,0,-1,ARL,0
2025-07-17T13:28:46.029775250Z,2025-07-17T13:28:46.029609064Z,10,2,1108,C,B,10,7.840000000,100,41306441,166186,26619999,10.18,700,1,10.05,700,1,9.99,200,2,9.84,100,1,9.79,100,1,9.67,200,2,9.29,700,1,9.13,100,1,8.74,100,1,7.84,100,1,15.30,0,-1,16.38,0,-2,16.83,0,-2,17.36,0,-3,17.44,0,-4,17.60,0,-1,17.85,0,-1,17.93,0,-1,18.84,0,-1,18.92,0,-1,ARL,0
2025-07-17T13:28:46.029775250Z,2025-07-17T13:28:46.029609064Z,10,2,1108,A,B,10,8.580000000,100,41376733,166186,26619999,10.18,700,1,10.05,700,1,9.99,200,2,9.84,100,1,9.79,100,1,9.67,200,2,9.29,700,1,9.13,100,1,8.74,100,1,8.58,100,1,15.30,0,-1,16.38,0,-2,16.83,0,-2,17.36,0,-3,17.44,0,-4,17.60,0,-1,17.85,0,-1,17.93,0,-1,18.84,0,-1,18.92,0,-1,ARL,0
2025-07-17T13:28:46.031239452Z,2025-07-17T13:28:46.031073916Z,10,2,1108,C,B,10,9.130000000,100,41032049,165536,26620530,10.18,700,1,10.05,700,1,9.99,200,2,9.84,100,1,9.79,100,1,9.67,200,2,9.29,700,1,9.13,100,1,8.74,100,1,7.84,100,1,15.30,0,-1,16.38,0,-2,16.83,0,-2,17.36,0,-3,17.44,0,-4,17.60,0,-1,17.85,0,-1,17.93,0,-1,18.84,0,-1,18.92,0,-1,ARL,0
2025-07-17T13:28:46.031239452Z,2025-07-17T13:28:46.031073916Z,10,2,1108,A,B,10,9.990000000,100,41376769,165536,26620530,10.18,700,1,10.05,700,1,9.99,300,3,9.84,100,1,9.79,100,1,9.67,200,2,9.29,700,1,9.13,100,1,8.74,100,1,7.84,100,1,15.30,0,-1,16.38,0,-2,16.83,0,-2,17.36,0,-3,17.44,0,-4,17.60,0,-1,17.85,0,-1,17.93,0,-1,18.84,0,-1,18.92,0,-1,ARL,0
2025-07-17T13:28:46.038120992Z,2025-07-17T13:28:46.037954661Z,10,2,1108,C,B,10,9.670000000,100,41021369,166331,26623213,10.18,700,1,10.05,700,1,9.99,200,2,9.84,100,1,9.79,100,1,9.67,200,2,9.29,700,1,9.13,100,1,8.74,100,1,7.84,100,1,15.30,0,-1,16.38,0,-2,16.83,0,-2,17.36,0,-3,17.44,0,-4,17.60,0,-1,17.85,0,-1,17.93,0,-1,18.84,0,-1,18.92,0,-1,ARL,0
2025-07-17T13:28:46.038120992Z,2025-07-17T13:28:46.037954661Z,10,2,1108,A,B,10,10.580000000,100,41377117,166331,26623213,10.58,100,1,10.18,700,1,10.05,700,1,9.99,200,2,9.84,100,1,9.79,100,1,9.67,200,2,9.29,700,1,9.13,100,1,8.74,100,1,15.30,0,-1,16.38,0,-2,16.83,0,-2,17.36,0,-3,17.44,0,-4,17.60,0,-1,17.85,0,-1,17.93,0,-1,18.84,0,-1,18.92,0,-1,ARL,0
2025-07-17T13:28:46.043024422Z,2025-07-17T13:28:46.042858782Z,10,2,1108,C,B,10,9.990000000,100,41021837,165640,26625366,10.18,700,1,10.05,700,1,9.99,200,2,9.84,100,1,9.79,100,1,9.67,200,2,9.29,700,1,9.13,100,1,8.74,100,1,7.84,100,1,15.30,0,-1,16.38,0,-2,16.83,0,-2,17.36,0,-3,17.44,0,-4,17.60,0,-1,17.85,0,-1,17.93,0,-1,18.84,0,-1,18.92,0,-1,ARL,0
2025-07-17T13:28:46.043024422Z,2025-07-17T13:28:46.042858782Z,10,2,1108,A,B,10,10.930000000,100,41379985,165640,26625366,10.93,100,1,10.18,700,1,10.05,700,1,9.99,200,2,9.84,100,1,9.79,100,1,9.67,200,2,9.29,700,1,9.13,100,1,8.74,100,1,15.30,0,-1,16.38,0,-2,16.83,0,-2,17.36,0,-3,17.44,0,-4,17.60,0,-1,17.85,0,-1,17.93,0,-1,18.84,0,-1,18.92,0,-1,ARL,0
2025-07-17T13:28:52.312460374Z,2025-07-17T13:28:52.312295020Z,10,2,1108,A,B,10,10.750000000,700,41507073,165354,26806665,10.93,100,1,10.75,700,1,10.18,700,1,10.05,700,1,9.99,200,2,9.84,100,1,9.79,100,1,9.67,200,2,9.29,700,1,9.13,100,1,15.30,0,-1,16.38,0,-2,16.83,0,-2,17.36,0,-3,17.44,0,-4,17.60,0,-1,17.85,0,-1,17.93,0,-1,18.84,0,-1,18.92,0,-1,ARL,0
2025-07-17T13:28:52.312496032Z,2025-07-17T13:28:52.312330796Z,10,2,1108,C,B,10,10.050000000,700,41375793,165236,26806666,10.93,100,1,10.18,700,1,10.05,700,1,9.99,200,2,9.84,100,1,9.79,100,1,9.67,200,2,9.29,700,1,9.13,100,1,8.74,100,1,15.30,0,-1,16.38,0,-2,16.83,0,-2,17.36,0,-3,17.44,0,-4,17.60,0,-1,17.85,0,-1,17.93,0,-1,18.84,0,-1,18.92,0,-1,ARL,0
2025-07-17T13:28:52.512457909Z,2025-07-17T13:28:52.512292648Z,10,2,1108,A,B,10,10.990000000,700,41509393,165261,26808221,10.99,700,1,10.93,100,1,10.18,700,1,10.05,700,1,9.99,200,2,9.84,100,1,9.79,100,1,9.67,200,2,9.29,700,1,9.13,100,1,15.30,0,-1,16.38,0,-2,16.83,0,-2,17.36,0,-3,17.44,0,-4,17.60,0,-1,17.85,0,-1,17.93,0,-1,18.84,0,-1,18.92,0,-1,ARL,0
2025-07-17T13:28:52.513255552Z,2025-07-17T13:28:52.513090520Z,10,2,1108,C,B,10,10.750000000,700,41507073,165032,26808222,10.93,100,1,10.18,700,1,10.05,700,1,9.99,200,2,9.84,100,1,9.79,100,1,9.67,200,2,9.29,700,1,9.13,100,1,8.74,100,1,15.30,0,-1,16.38,0,-2,16.83,0,-2,17.36,0,-3,17.44,0,-4,17.60,0,-1,17.85,0,-1,17.93,0,-1,18.84,0,-1,18.92,0,-1,ARL,0
2025-07-17T13:28:53.957233148Z,2025-07-17T13:28:53.957067631Z,10,2,1108,A,A,10,16.150000000,700,41528029,165517,26835971,10.93,100,1,10.18,700,1,10.05,700,1,9.99,200,2,9.84,100,1,9.79,100,1,9.67,200,2,9.29,700,1,9.13,100,1,8.74,100,1,15.30,0,-1,16.38,0,-2,16.83,0,-2,17.36,0,-3,17.44,0,-4,17.60,0,-1,17.85,0,-1,17.93,0,-1,18.84,0,-1,18.92,0,-1,ARL,0
2025-07-17T13:28:53.957281517Z,2025-07-17T13:28:53.957116061Z,10,2,1108,C,A,10,18.320000000,700,40846101,165456,26835974,10.93,100,1,10.18,700,1,10.05,700,1,9.99,200,2,9.84,100,1,9.79,100,1,9.67,200,2,9.29,700,1,9.13,100,1,8.74,100,1,15.30,0,-1,16.15,0,-1,16.38,0,-2,16.83,0,-2,17.36,0,-3,17.44,0,-4,17.60,0,-1,17.85,0,-1,17.93,0,-1,18.84,0,-1,ARL,0
2025-07-17T13:28:54.128476219Z,2025-07-17T13:28:54.128310778Z,10,2,1108,A,B,10,9.990000000,700,41530665,165441,26850111,10.93,100,1,10.18,700,1,10.05,700,1,9.99,900,3,9.84,100,1,9.79,100,1,9.67,200,2,9.29,700,1,9.13,100,1,8.74,100,1,15.30,0,-1,16.15,0,-1,16.38,0,-2,16.83,0,-2,17.36,0,-3,17.44,0,-4,17.60,0,-1,17.85,0,-1,17.93,0,-1,18.84,0,-1,ARL,0
2025-07-17T13:28:54.128503934Z,2025-07-17T13:28:54.128338727Z,10,2,1108,C,B,10,9.290000000,700,40851989,165207,26850112,10.93,100,1,10.18,700,1,10.05,700,1,9.99,200,2,9.84,100,1,9.79,100,1,9.67,200,2,9.29,700,1,9.13,100,1,8.74,100,1,15.30,0,-1,16.15,0,-1,16.38,0,-2,16.83,0,-2,17.36,0,-3,17.44,0,-4,17.60,0,-1,17.85,0,-1,17.93,0,-1,18.84,0,-1,ARL,0
2025-07-17T13:28:54.328652337Z,2025-07-17T13:28:54.328487063Z,10,2,1108,A,B,10,10.260000000,700,41533513,165274,26851888,10.93,100,1,10.26,700,1,10.18,700,1,10.05,700,1,9.99,200,2,9.84,100,1,9.79,100,1,9.67,200,2,9.29,700,1,9.13,100,1,15.30,0,-1,16.15,0,-1,16.38,0,-2,16.83,0,-2,17.36,0,-3,17.44,0,-4,17.60,0,-1,17.85,0,-1,17.93,0,-1,18.84,0,-1,ARL,0
2025-07-17T13:28:54.328684086Z,2025-07-17T13:28:54.328519057Z,10,2,1108,C,B,10,9.990000000,700,41530665,165029,26851889,10.93,100,1,10.18,700,1,10.05,700,1,9.99,200,2,9.84,100,1,9.79,100,1,9.67,200,2,9.29,700,1,9.13,100,1,8.74,100,1,15.30,0,-1,16.15,0,-1,16.38,0,-2,16.83,0,-2,17.36,0,-3,17.44,0,-4,17.60,0,-1,17.85,0,-1,17.93,0,-1,18.84,0,-1,ARL,0
2025-07-17T13:28:54.477620754Z,2025-07-17T13:28:54.477455479Z,10,2,1108,A,B,10,11.140000000,700,41534785,165275,26853475,11.14,700,1,10.93,100,1,10.18,700,1,10.05,700,1,9.99,200,2,9.84,100,1,9.79,100,1,9.67,200,2,9.29,700,1,9.13,100,1,15.30,0,-1,16.15,0,-1,16.38,0,-2,16.83,0,-2,17.36,0,-3,17.44,0,-4,17.60,0,-1,17.85,0,-1,17.93,0,-1,18.84,0,-1,ARL,0
2025-07-17T13:28:54.478018001Z,2025-07-17T13:28:54.477852651Z,10,2,1108,C,B,10,10.180000000,700,41371221,165350,26853478,10.93,100,1,10.18,700,1,10.05,700,1,9.99,200,2,9.84,100,1,9.79,100,1,9.67,200,2,9.29,700,1,9.13,100,1,8.74,100,1,15.30,0,-1,16.15,0,-1,16.38,0,-2,16.83,0,-2,17.36,0,-3,17.44,0,-4,17.60,0,-1,17.85,0,-1,17.93,0,-1,18.84,0,-1,ARL,0
2025-07-17T13:28:54.528708243Z,2025-07-17T13:28:54.528542919Z,10,2,1108,A,B,10,10.530000000,700,41535173,165324,26853925,10.93,100,1,10.53,700,1,10.18,700,1,10.05,700,1,9.99,200,2,9.84,100,1,9.79,100,1,9.67,200,2,9.29,700,1,9.13,100,1,15.30,0,-1,16.15,0,-1,16.38,0,-2,16.83,0,-2,17.36,0,-3,17.44,0,-4,17.60,0,-1,17.85,0,-1,17.93,0,-1,18.84,0,-1,ARL,0
2025-07-17T13:28:54.528736554Z,2025-07-17T13:28:54.528571375Z,10,2,1108,C,B,10,10.260000000,700,41533513,165179,26853926,10.93,100,1,10.18,700,1,10.05,700,1,9.99,200,2,9.84,100,1,9.79,100,1,9.67,200,2,9.29,700,1,9.13,100,1,8.74,100,1,15.30,0,-1,16.15,0,-1,16.38,0,-2,16.83,0,-2,17.36,0,-3,17.44,0,-4,17.60,0,-1,17.85,0,-1,17.93,0,-1,18.84,0,-1,ARL,0
2025-07-17T13:28:54.728740313Z,2025-07-17T13:28:54.728575124Z,10,2,1108,A,B,10,10.800000000,700,41537525,165189,26856081,10.93,100,1,10.80,700,1,10.18,700,1,10.05,700,1,9.99,200,2,9.84,100,1,9.79,100,1,9.67,200,2,9.29,700,1,9.13,100,1,15.30,0,-1,16.15,0,-1,16.38,0,-2,16.83,0,-2,17.36,0,-3,17.44,0,-4,17.60,0,-1,17.85,0,-1,17.93,0,-1,18.84,0,-1,ARL,0
2025-07-17T13:28:54.728816275Z,2025-07-17T13:28:54.728651317Z,10,2,1108,C,B,10,10.530000000,700,41535173,164958,26856082,10.93,100,1,10.18,700,1,10.05,700,1,9.99,200,2,9.84,100,1,9.79,100,1,9.67,200,2,9.29,700,1,9.13,100,1,8.74,100,1,15.30,0,-1,16.15,0,-1,16.38,0,-2,16.83,0,-2,17.36,0,-3,17.44,0,-4,17.60,0,-1,17.85,0,-1,17.93,0,-1,18.84,0,-1,ARL,0
2025-07-17T13:28:54.928577406Z,2025-07-17T13:28:54.928412211Z,10,2,1108,A,B,10,11.070000000,700,41539477,165195,26858349,11.07,700,1,10.93,100,1,10.18,700,1,10.05,700,1,9.99,200,2,9.84,100,1,9.79,100,1,9.67,200,2,9.29,700,1,9.13,100,1,15.30,0,-1,16.15,0,-1,16.38,0,-2,16.83,0,-2,17.36,0,-3,17.44,0,-4,17.60,0,-1,17.85,0,-1,17.93,0,-1,18.84,0,-1,ARL,0
2025-07-17T13:28:54.928653303Z,2025-07-17T13:28:54.928488170Z,10,2,1108,C,B,10,10.800000000,700,41537525,165133,26858351,10.93,100,1,10.18,700,1,10.05,700,1,9.99,200,2,9.84,100,1,9.79,100,1,9.67,200,2,9.29,700,1,9.13,100,1,8.74,100,1,15.30,0,-1,16.15,0,-1,16.38,0,-2,16.83,0,-2,17.36,0,-3,17.44,0,-4,17.60,0,-1,17.85,0,-1,17.93,0,-1,18.84,0,-1,ARL,0
2025-07-17T13:29:00.583276463Z,2025-07-17T13:29:00.583110843Z,10,2,1108,A,B,10,10.840000000,100,41635065,165620,27000961,10.93,100,1,10.84,100,1,10.18,700,1,10.05,700,1,9.99,200,2,9.84,100,1,9.79,100,1,9.67,200,2,9.29,700,1,9.13,100,1,15.30,0,-1,16.15,0,-1,16.38,0,-2,16.83,0,-2,17.36,0,-3,17.44,0,-4,17.60,0,-1,17.85,0,-1,17.93,0,-1,18.84,0,-1,ARL,0
2025-07-17T13:29:00.583289800Z,2025-07-17T13:29:00.583124331Z,10,2,1108,A,A,10,16.490000000,100,41635069,165469,27000962,10.93,100,1,10.84,100,1,10.18,700,1,10.05,700,1,9.99,200,2,9.84,100,1,9.79,100,1,9.67,200,2,9.29,700,1,9.13,100,1,15.30,0,-1,16.15,0,-1,16.38,0,-2,16.83,0,-2,17.36,0,-3,17.44,0,-4,17.60,0,-1,17.85,0,-1,17.93,0,-1,18.84,0,-1,ARL,0
2025-07-17T13:29:31.666650984Z,2025-07-17T13:29:31.666485583Z,10,2,1108,A,B,10,11.050000000,100,42089321,165401,27592251,11.05,100,1,10.93,100,1,10.84,100,1,10.18,700,1,10.05,700,1,9.99,200,2,9.84,100,1,9.79,100,1,9.67,200,2,9.29,700,1,15.30,0,-1,16.15,0,-1,16.38,0,-2,16.83,0,-2,17.36,0,-3,17.44,0,-4,17.60,0,-1,17.85,0,-1,17.93,0,-1,18.84,0,-1,ARL,0
2025-07-17T13:29:31.666676040Z,2025-07-17T13:29:31.666510533Z,10,2,1108,A,A,10,16.220000000,100,42089325,165507,27592252,11.05,100,1,10.93,100,1,10.84,100,1,10.18,700,1,10.05,700,1,9.99,200,2,9.84,100,1,9.79,100,1,9.67,200,2,9.29,700,1,15.30,0,-1,16.15,0,-1,16.38,0,-2,16.83,0,-2,17.36,0,-3,17.44,0,-4,17.60,0,-1,17.85,0,-1,17.93,0,-1,18.84,0,-1,ARL,0
2025-07-17T13:29:32.011253336Z,2025-07-17T13:29:32.011088073Z,10,2,1108,A,B,10,11.290000000,100,42099317,165263,27599196,11.29,100,1,11.05,100,1,10.93,100,1,10.84,100,1,10.18,700,1,10.05,700,1,9.99,200,2,9.84,100,1,9.79,100,1,9.67,200,2,15.30,0,-1,16.15,0,-1,16.38,0,-2,16.83,0,-2,17.36,0,-3,17.44,0,-4,17.60,0,-1,17.85,0,-1,17.93,0,-1,18.84,0,-1,ARL,0
2025-07-17T13:29:32.011257301Z,2025-07-17T13:29:32.011092154Z,10,2,1108,A,A,10,15.910000000,100,42099321,165147,27599197,11.29,100,1,11.05,100,1,10.93,100,1,10.84,100,1,10.18,700,1,10.05,700,1,9.99,200,2,9.84,100,1,9.79,100,1,9.67,200,2,15.30,0,-1,16.15,0,-1,16.38,0,-2,16.83,0,-2,17.36,0,-3,17.44,0,-4,17.60,0,-1,17.85,0,-1,17.93,0,-1,18.84,0,-1,ARL,0
2025-07-17T13:29:39.840138413Z,2025-07-17T13:29:39.839973111Z,10,2,1108,A,B,10,8.470000000,100,42202297,165302,27759427,11.29,100,1,11.05,100,1,10.93,100,1,10.84,100,1,10.18,700,1,10.05,700,1,9.99,200,2,9.84,100,1,9.79,100,1,9.67,200,2,15.30,0,-1,16.15,0,-1,16.38,0,-2,16.83,0,-2,17.36,0,-3,17.44,0,-4,17.60,0,-1,17.85,0,-1,17.93,0,-1,18.84,0,-1,ARL,0
2025-07-17T13:29:40.000349567Z,2025-07-17T13:29:40.000183284Z,10,2,1108,A,A,10,19.580000000,100,42204681,166283,27760200,11.29,100,1,11.05,100,1,10.93,100,1,10.84,100,1,10.18,700,1,10.05,700,1,9.99,200,2,9.84,100,1,9.79,100,1,9.67,200,2,15.30,0,-1,16.15,0,-1,16.38,0,-2,16.83,0,-2,17.36,0,-3,17.44,0,-4,17.60,0,-1,17.85,0,-1,17.93,0,-1,18.84,0,-1,ARL,0
2025-07-17T13:29:55.529348997Z,2025-07-17T13:29:55.529183618Z,10,2,1108,A,B,10,11.520000000,100,42446497,165379,28123971,11.52,100,1,11.29,100,1,11.05,100,1,10.93,100,1,10.84,100,1,10.18,700,1,10.05,700,1,9.99,200,2,9.84,100,1,9.79,100,1,15.30,0,-1,16.15,0,-1,16.38,0,-2,16.83,0,-2,17.36,0,-3,17.44,0,-4,17.60,0,-1,17.85,0,-1,17.93,0,-1,18.84,0,-1,ARL,0
2025-07-17T13:29:55.529365902Z,2025-07-17T13:29:55.529200619Z,10,2,1108,A,A,10,15.610000000,100,42446501,165283,28123973,11.52,100,1,11.29,100,1,11.05,100,1,10.93,100,1,10.84,100,1,10.18,700,1,10.05,700,1,9.99,200,2,9.84,100,1,9.79,100,1,15.30,0,-1,16.15,0,-1,16.38,0,-2,16.83,0,-2,17.36,0,-3,17.44,0,-4,17.60,0,-1,17.85,0,-1,17.93,0,-1,18.84,0,-1,ARL,0
2025-07-17T13:29:59.677450683Z,2025-07-17T13:29:59.677285294Z,10,2,1108,A,B,10,10.110000000,100,42583289,165389,28321241,11.52,100,1,11.29,100,1,11.05,100,1,10.93,100,1,10.84,100,1,10.18,700,1,10.11,100,1,10.05,700,1,9.99,200,2,9.84,100,1,15.30,0,-1,16.15,0,-1,16.38,0,-2,16.83,0,-2,17.36,0,-3,17.44,0,-4,17.60,0,-1,17.85,0,-1,17.93,0,-1,18.84,0,-1,ARL,0
2025-07-17T13:29:59.677457187Z,2025-07-17T13:29:59.677290064Z,10,2,1108,A,A,10,17.450000000,100,42583293,167123,28321242,11.52,100,1,11.29,100,1,11.05,100,1,10.93,100,1,10.84,100,1,10.18,700,1,10.11,100,1,10.05,700,1,9.99,200,2,9.84,100,1,15.30,0,-1,16.15,0,-1,16.38,0,-2,16.83,0,-2,17.36,0,-3,17.44,0,-4,17.60,0,-1,17.85,0,-1,17.93,0,-1,18.84,0,-1,ARL,0
2025-07-17T13:30:00.093085479Z,2025-07-17T13:30:00.092900330Z,10,2,1108,A,B,10,11.010000000,100,42674817,185149,28409476,11.52,100,1,11.29,100,1,11.05,100,1,11.01,100,1,10.93,100,1,10.84,100,1,10.18,700,1,10.11,100,1,10.05,700,1,9.99,200,2,15.30,0,-1,16.15,0,-1,16.38,0,-2,16.83,0,-2,17.36,0,-3,17.44,0,-4,17.60,0,-1,17.85,0,-1,17.93,0,-1,18.84,0,-1,ARL,0
2025-07-17T13:30:00.093164566Z,2025-07-17T13:30:00.092988904Z,10,2,1108,A,A,10,16.100000000,100,42674989,175662,28409593,11.52,100,1,11.29,100,1,11.05,100,1,11.01,100,1,10.93,100,1,10.84,100,1,10.18,700,1,10.11,100,1,10.05,700,1,9.99,200,2,15.30,0,-1,16.15,0,-1,16.38,0,-2,16.83,0,-2,17.36,0,-3,17.44,0,-4,17.60,0,-1,17.85,0,-1,17.93,0,-1,18.84,0,-1,ARL,0
2025-07-17T13:30:00.412816741Z,2025-07-17T13:30:00.412637542Z,10,2,1108,A,A,10,19.580000000,100,42946053,179199,28676200,11.52,100,1,11.29,100,1,11.05,100,1,11.01,100,1,10.93,100,1,10.84,100,1,10.18,700,1,10.11,100,1,10.05,700,1,9.99,200,2,15.30,0,-1,16.15,0,-1,16.38,0,-2,16.83,0,-2,17.36,0,-3,17.44,0,-4,17.60,0,-1,17.85,0,-1,17.93,0,-1,18.84,0,-1,ARL,0
2025-07-17T13:30:00.422103919Z,2025-07-17T13:30:00.421937186Z,10,2,1108,A,B,10,8.470000000,100,42951397,166733,28680759,11.52,100,1,11.29,100,1,11.05,100,1,11.01,100,1,10.93,100,1,10.84,100,1,10.18,700,1,10.11,100,1,10.05,700,1,9.99,200,2,15.30,0,-1,16.15,0,-1,16.38,0,-2,16.83,0,-2,17.36,0,-3,17.44,0,-4,17.60,0,-1,17.85,0,-1,17.93,0,-1,18.84,0,-1,ARL,0
2025-07-17T13:30:00.675725361Z,2025-07-17T13:30:00.675553569Z,10,2,1108,A,B,10,10.920000000,100,43143317,171792,28833560,11.52,100,1,11.29,100,1,11.05,100,1,11.01,100,1,10.93,100,1,10.92,100,1,10.84,100,1,10.18,700,1,10.11,100,1,10.05,700,1,15.30,0,-1,16.15,0,-1,16.38,0,-2,16.83,0,-2,17.36,0,-3,17.44,0,-4,17.60,0,-1,17.85,0,-1,17.93,0,-1,18.84,0,-1,ARL,0
2025-07-17T13:30:00.675748539Z,2025-07-17T13:30:00.675570319Z,10,2,1108,A,A,10,16.200000000,100,43143333,178220,28833574,11.52,100,1,11.29,100,1,11.05,100,1,11.01,100,1,10.93,100,1,10.92,100,1,10.84,100,1,10.18,700,1,10.11,100,1,10.05,700,1,15.30,0,-1,16.15,0,-1,16.38,0,-2,16.83,0,-2,17.36,0,-3,17.44,0,-4,17.60,0,-1,17.85,0,-1,17.93,0,-1,18.84,0,-1,ARL,0
2025-07-17T13:30:00.730859228Z,2025-07-17T13:30:00.730688348Z,10,2,1108,A,B,10,10.920000000,100,43191333,170880,28858298,11.52,100,1,11.29,100,1,11.05,100,1,11.01,100,1,10.93,100,1,10.92,200,2,10.84,100,1,10.18,700,1,10.11,100,1,10.05,700,1,15.30,0,-1,16.15,0,-1,16.38,0,-2,16.83,0,-2,17.36,0,-3,17.44,0,-4,17.60,0,-1,17.85,0,-1,17.93,0,-1,18.84,0,-1,ARL,0
2025-07-17T13:30:00.730867405Z,2025-07-17T13:30:00.730693126Z,10,2,1108,A,A,10,16.200000000,100,43191369,174279,28858300,11.52,100,1,11.29,100,1,11.05,100,1,11.01,100,1,10.93,100,1,10.92,200,2,10.84,100,1,10.18,700,1,10.11,100,1,10.05,700,1,15.30,0,-1,16.15,0,-1,16.38,0,-2,16.83,0,-2,17.36,0,-3,17.44,0,-4,17.60,0,-1,17.85,0,-1,17.93,0,-1,18.84,0,-1,ARL,0
2025-07-17T13:30:00.869893365Z,2025-07-17T13:30:00.869714108Z,10,2,1108,A,B,10,9.410000000,100,43313553,179257,28963643,11.52,100,1,11.29,100,1,11.05,100,1,11.01,100,1,10.93,100,1,10.92,200,2,10.84,100,1,10.18,700,1,10.11,100,1,10.05,700,1,15.30,0,-1,16.15,0,-1,16.38,0,-2,16.83,0,-2,17.36,0,-3,17.44,0,-4,17.60,0,-1,17.85,0,-1,17.93,0,-1,18.84,0,-1,ARL,0
2025-07-17T13:30:00.869893365Z,2025-07-17T13:30:00.869715708Z,10,2,1108,A,A,10,18.360000000,100,43313565,177657,28963646,11.52,100,1,11.29,100,1,11.05,100,1,11.01,100,1,10.93,100,1,10.92,200,2,10.84,100,1,10.18,700,1,10.11,100,1,10.05,700,1,15.30,0,-1,16.15,0,-1,16.38,0,-2,16.83,0,-2,17.36,0,-3,17.44,0,-4,17.60,0,-1,17.85,0,-1,17.93,0,-1,18.84,0,-1,ARL,0
2025-07-17T13:30:00.869922678Z,2025-07-17T13:30:00.869746905Z,10,2,1108,A,A,10,18.360000000,100,43313633,175773,28963685,11.52,100,1,11.29,100,1,11.05,100,1,11.01,100,1,10.93,100,1,10.92,200,2,10.84,100,1,10.18,700,1,10.11,100,1,10.05,700,1,15.30,0,-1,16.15,0,-1,16.38,0,-2,16.83,0,-2,17.36,0,-3,17.44,0,-4,17.60,0,-1,17.85,0,-1,17.93,0,-1,18.84,0,-1,ARL,0
2025-07-17T13:30:00.869941215Z,2025-07-17T13:30:00.869768981Z,10,2,1108,A,B,10,9.410000000,100,43313681,172234,28963699,11.52,100,1,11.29,100,1,11.05,100,1,11.01,100,1,10.93,100,1,10.92,200,2,10.84,100,1,10.18,700,1,10.11,100,1,10.05,700,1,15.30,0,-1,16.15,0,-1,16.38,0,-2,16.83,0,-2,17.36,0,-3,17.44,0,-4,17.60,0,-1,17.85,0,-1,17.93,0,-1,18.84,0,-1,ARL,0
2025-07-17T13:30:00.870056916Z,2025-07-17T13:30:00.869883482Z,10,2,1108,A,B,10,11.240000000,100,43313941,173434,28963823,11.52,100,1,11.29,100,1,11.24,100,1,11.05,100,1,11.01,100,1,10.93,100,1,10.92,200,2,10.84,100,1,10.18,700,1,10.11,100,1,15.30,0,-1,16.15,0,-1,16.38,0,-2,16.83,0,-2,17.36,0,-3,17.44,0,-4,17.60,0,-1,17.85,0,-1,17.93,0,-1,18.84,0,-1,ARL,0
2025-07-17T13:30:00.870086307Z,2025-07-17T13:30:00.869917271Z,10,2,1108,A,A,10,15.980000000,100,43314009,169036,28963843,11.52,100,1,11.29,100,1,11.24,100,1,11.05,100,1,11.01,100,1,10.93,100,1,10.92,200,2,10.84,100,1,10.18,700,1,10.11,100,1,15.30,0,-1,16.15,0,-1,16.38,0,-2,16.83,0,-2,17.36,0,-3,17.44,0,-4,17.60,0,-1,17.85,0,-1,17.93,0,-1,18.84,0,-1,ARL,0
2025-07-17T13:30:00.870161301Z,2025-07-17T13:30:00.869979897Z,10,2,1108,C,B,10,8.470000000,100,41376333,181404,28963935,11.52,100,1,11.29,100,1,11.24,100,1,11.05,100,1,11.01,100,1,10.93,100,1,10.92,200,2,10.84,100,1,10.18,700,1,10.11,100,1,15.30,0,-1,15.98,0,-1,16.15,0,-1,16.38,0,-2,16.83,0,-2,17.36,0,-3,17.44,0,-4,17.60,0,-1,17.85,0,-1,17.93,0,-1,ARL,0
2025-07-17T13:30:00.870161301Z,2025-07-17T13:30:00.869979897Z,10,2,1108,A,B,10,9.550000000,100,43314145,181404,28963935,11.52,100,1,11.29,100,1,11.24,100,1,11.05,100,1,11.01,100,1,10.93,100,1,10.92,200,2,10.84,100,1,10.18,700,1,10.11,100,1,15.30,0,-1,15.98,0,-1,16.15,0,-1,16.38,0,-2,16.83,0,-2,17.36,0,-3,17.44,0,-4,17.60,0,-1,17.85,0,-1,17.93,0,-1,ARL,0
2025-07-17T13:30:00.870161301Z,2025-07-17T13:30:00.869983764Z,10,2,1108,C,B,10,8.470000000,100,41376337,177537,28963938,11.52,100,1,11.29,100,1,11.24,100,1,11.05,100,1,11.01,100,1,10.93,100,1,10.92,200,2,10.84,100,1,10.18,700,1,10.11,100,1,15.30,0,-1,15.98,0,-1,16.15,0,-1,16.38,0,-2,16.83,0,-2,17.36,0,-3,17.44,0,-4,17.60,0,-1,17.85,0,-1,17.93,0,-1,ARL,0
2025-07-17T13:30:00.870161301Z,2025-07-17T13:30:00.869983764Z,10,2,1108,A,B,10,9.550000000,100,43314149,177537,28963938,11.52,100,1,11.29,100,1,11.24,100,1,11.05,100,1,11.01,100,1,10.93,100,1,10.92,200,2,10.84,100,1,10.18,700,1,10.11,100,1,15.30,0,-1,15.98,0,-1,16.15,0,-1,16.38,0,-2,16.83,0,-2,17.36,0,-3,17.44,0,-4,17.60,0,-1,17.85,0,-1,17.93,0,-1,ARL,0
2025-07-17T13:30:00.870165319Z,2025-07-17T13:30:00.869988740Z,10,2,1108,C,B,10,8.470000000,100,41376341,176579,28963943,11.52,100,1,11.29,100,1,11.24,100,1,11.05,100,1,11.01,100,1,10.93,100,1,10.92,200,2,10.84,100,1,10.18,700,1,10.11,100,1,15.30,0,-1,15.98,0,-1,16.15,0,-1,16.38,0,-2,16.83,0,-2,17.36,0,-3,17.44,0,-4,17.60,0,-1,17.85,0,-1,17.93,0,-1,ARL,0
2025-07-17T13:30:00.870165319Z,2025-07-17T13:30:00.869988740Z,10,2,1108,A,B,10,9.550000000,100,43314153,176579,28963943,11.52,100,1,11.29,100,1,11.24,100,1,11.05,100,1,11.01,100,1,10.93,100,1,10.92,200,2,10.84,100,1,10.18,700,1,10.11,100,1,15.30,0,-1,15.98,0,-1,16.15,0,-1,16.38,0,-2,16.83,0,-2,17.36,0,-3,17.44,0,-4,17.60,0,-1,17.85,0,-1,17.93,0,-1,ARL,0
2025-07-17T13:30:00.870165319Z,2025-07-17T13:30:00.869989204Z,10,2,1108,C,B,10,8.470000000,100,41376345,176115,28963944,11.52,100,1,11.29,100,1,11.24,100,1,11.05,100,1,11.01,100,1,10.93,100,1,10.92,200,2,10.84,100,1,10.18,700,1,10.11,100,1,15.30,0,-1,15.98,0,-1,16.15,0,-1,16.38,0,-2,16.83,0,-2,17.36,0,-3,17.44,0,-4,17.60,0,-1,17.85,0,-1,17.93,0,-1,ARL,0
2025-07-17T13:30:00.870165319Z,2025-07-17T13:30:00.869989204Z,10,2,1108,A,B,10,9.550000000,100,43314157,176115,28963944,11.52,100,1,11.29,100,1,11.24,100,1,11.05,100,1,11.01,100,1,10.93,100,1,10.92,200,2,10.84,100,1,10.18,700,1,10.11,100,1,15.30,0,-1,15.98,0,-1,16.15,0,-1,16.38,0,-2,16.83,0,-2,17.36,0,-3,17.44,0,-4,17.60,0,-1,17.85,0,-1,17.93,0,-1,ARL,0
2025-07-17T13:30:00.870174640Z,2025-07-17T13:30:00.869996105Z,10,2,1108,C,B,10,8.470000000,100,41376349,178535,28963952,11.52,100,1,11.29,100,1,11.24,100,1,11.05,100,1,11.01,100,1,10.93,100,1,10.92,200,2,10.84,100,1,10.18,700,1,10.11,100,1,15.30,0,-1,15.98,0,-1,16.15,0,-1,16.38,0,-2,16.83,0,-2,17.36,0,-3,17.44,0,-4,17.60,0,-1,17.85,0,-1,17.93,0,-1,ARL,0
2025-07-17T13:30:00.870174640Z,2025-07-17T13:30:00.869996105Z,10,2,1108,A,B,10,9.550000000,100,43314161,178535,28963952,11.52,100,1,11.29,100,1,11.24,100,1,11.05,100,1,11.01,100,1,10.93,100,1,10.92,200,2,10.84,100,1,10.18,700,1,10.11,100,1,15.30,0,-1,15.98,0,-1,16.15,0,-1,16.38,0,-2,16.83,0,-2,17.36,0,-3,17.44,0,-4,17.60,0,-1,17.85,0,-1,17.93,0,-1,ARL,0
2025-07-17T13:30:00.870174640Z,2025-07-17T13:30:00.869996504Z,10,2,1108,C,B,10,8.470000000,100,41376353,178136,28963953,11.52,100,1,11.29,100,1,11.24,100,1,11.05,100,1,11.01,100,1,10.93,100,1,10.92,200,2,10.84,100,1,10.18,700,1,10.11,100,1,15.30,0,-1,15.98,0,-1,16.15,0,-1,16.38,0,-2,16.83,0,-2,17.36,0,-3,17.44,0,-4,17.60,0,-1,17.85,0,-1,17.93,0,-1,ARL,0
2025-07-17T13:30:00.870174640Z,2025-07-17T13:30:00.869996504Z,10,2,1108,A,B,10,9.550000000,100,43314165,178136,28963953,11.52,100,1,11.29,100,1,11.24,100,1,11.05,100,1,11.01,100,1,10.93,100,1,10.92,200,2,10.84,100,1,10.18,700,1,10.11,100,1,15.30,0,-1,15.98,0,-1,16.15,0,-1,16.38,0,-2,16.83,0,-2,17.36,0,-3,17.44,0,-4,17.60,0,-1,17.85,0,-1,17.93,0,-1,ARL,0
2025-07-17T13:30:00.870174640Z,2025-07-17T13:30:00.869997057Z,10,2,1108,C,B,10,8.470000000,100,41376357,177583,28963954,11.52,100,1,11.29,100,1,11.24,100,1,11.05,100,1,11.01,100,1,10.93,100,1,10.92,200,2,10.84,100,1,10.18,700,1,10.11,100,1,15.30,0,-1,15.98,0,-1,16.15,0,-1,16.38,0,-2,16.83,0,-2,17.36,0,-3,17.44,0,-4,17.60,0,-1,17.85,0,-1,17.93,0,-1,ARL,0
2025-07-17T13:30:00.870174640Z,2025-07-17T13:30:00.869997057Z,10,2,1108,A,B,10,9.550000000,100,43314169,177583,28963954,11.52,100,1,11.29,100,1,11.24,100,1,11.05,100,1,11.01,100,1,10.93,100,1,10.92,200,2,10.84,100,1,10.18,700,1,10.11,100,1,15.30,0,-1,15.98,0,-1,16.15,0,-1,16.38,0,-2,16.83,0,-2,17.36,0,-3,17.44,0,-4,17.60,0,-1,17.85,0,-1,17.93,0,-1,ARL,0
2025-07-17T13:30:00.870179751Z,2025-07-17T13:30:00.870003387Z,10,2,1108,C,B,10,8.470000000,100,42202297,176364,28963962,11.52,100,1,11.29,100,1,11.24,100,1,11.05,100,1,11.01,100,1,10.93,100,1,10.92,200,2,10.84,100,1,10.18,700,1,10.11,100,1,15.30,0,-1,15.98,0,-1,16.15,0,-1,16.38,0,-2,16.83,0,-2,17.36,0,-3,17.44,0,-4,17.60,0,-1,17.85,0,-1,17.93,0,-1,ARL,0
2025-07-17T13:30:00.870179751Z,2025-07-17T13:30:00.870003387Z,10,2,1108,A,B,10,9.550000000,100,43314173,176364,28963962,11.52,100,1,11.29,100,1,11.24,100,1,11.05,100,1,11.01,100,1,10.93,100,1,10.92,200,2,10.84,100,1,10.18,700,1,10.11,100,1,15.30,0,-1,15.98,0,-1,16.15,0,-1,16.38,0,-2,16.83,0,-2,17.36,0,-3,17.44,0,-4,17.60,0,-1,17.85,0,-1,17.93,0,-1,ARL,0
2025-07-17T13:30:00.870179751Z,2025-07-17T13:30:00.870004158Z,10,2,1108,C,B,10,8.470000000,100,42951397,175593,28963963,11.52,100,1,11.29,100,1,11.24,100,1,11.05,100,1,11.01,100,1,10.93,100,1,10.92,200,2,10.84,100,1,10.18,700,1,10.11,100,1,15.30,0,-1,15.98,0,-1,16.15,0,-1,16.38,0,-2,16.83,0,-2,17.36,0,-3,17.44,0,-4,17.60,0,-1,17.85,0,-1,17.93,0,-1,ARL,0
2025-07-17T13:30:00.870179751Z,2025-07-17T13:30:00.870004158Z,10,2,1108,A,B,10,9.550000000,100,43314177,175593,28963963,11.52,100,1,11.29,100,1,11.24,100,1,11.05,100,1,11.01,100,1,10.93,100,1,10.92,200,2,10.84,100,1,10.18,700,1,10.11,100,1,15.30,0,-1,15.98,0,-1,16.15,0,-1,16.38,0,-2,16.83,0,-2,17.36,0,-3,17.44,0,-4,17.60,0,-1,17.85,0,-1,17.93,0,-1,ARL,0
2025-07-17T13:30:00.870186428Z,2025-07-17T13:30:00.870009922Z,10,2,1108,C,A,10,19.580000000,100,41370945,176506,28963970,11.52,100,1,11.29,100,1,11.24,100,1,11.05,100,1,11.01,100,1,10.93,100,1,10.92,200,2,10.84,100,1,10.18,700,1,10.11,100,1,15.30,0,-1,15.98,0,-1,16.15,0,-1,16.38,0,-2,16.83,0,-2,17.36,0,-3,17.44,0,-4,17.60,0,-1,17.85,0,-1,17.93,0,-1,ARL,0
2025-07-17T13:30:00.870186428Z,2025-07-17T13:30:00.870009922Z,10,2,1108,A,A,10,18.380000000,100,43314181,176506,28963970,11.52,100,1,11.29,100,1,11.24,100,1,11.05,100,1,11.01,100,1,10.93,100,1,10.92,200,2,10.84,100,1,10.18,700,1,10.11,100,1,15.30,0,-1,15.98,0,-1,16.15,0,-1,16.38,0,-2,16.83,0,-2,17.36,0,-3,17.44,0,-4,17.60,0,-1,17.85,0,-1,17.93,0,-1,ARL,0
2025-07-17T13:30:00.870186428Z,2025-07-17T13:30:00.870010386Z,10,2,1108,C,A,10,19.580000000,100,41370949,176042,28963971,11.52,100,1,11.29,100,1,11.24,100,1,11.05,100,1,11.01,100,1,10.93,100,1,10.92,200,2,10.84,100,1,10.18,700,1,10.11,100,1,15.30,0,-1,15.98,0,-1,16.15,0,-1,16.38,0,-2,16.83,0,-2,17.36,0,-3,17.44,0,-4,17.60,0,-1,17.85,0,-1,17.93,0,-1,ARL,0
2025-07-17T13:30:00.870186428Z,2025-07-17T13:30:00.870010386Z,10,2,1108,A,A,10,18.380000000,100,43314185,176042,28963971,11.52,100,1,11.29,100,1,11.24,100,1,11.05,100,1,11.01,100,1,10.93,100,1,10.92,200,2,10.84,100,1,10.18,700,1,10.11,100,1,15.30,0,-1,15.98,0,-1,16.15,0,-1,16.38,0,-2,16.83,0,-2,17.36,0,-3,17.44,0,-4,17.60,0,-1,17.85,0,-1,17.93,0,-1,ARL,0
2025-07-17T13:30:00.870194394Z,2025-07-17T13:30:00.870017071Z,10,2,1108,C,A,10,19.580000000,100,41370953,177323,28963981,11.52,100,1,11.29,100,1,11.24,100,1,11.05,100,1,11.01,100,1,10.93,100,1,10.92,200,2,10.84,100,1,10.18,700,1,10.11,100,1,15.30,0,-1,15.98,0,-1,16.15,0,-1,16.38,0,-2,16.83,0,-2,17.36,0,-3,17.44,0,-4,17.60,0,-1,17.85,0,-1,17.93,0,-1,ARL,0
2025-07-17T13:30:00.870194394Z,2025-07-17T13:30:00.870017071Z,10,2,1108,A,A,10,18.380000000,100,43314189,177323,28963981,11.52,100,1,11.29,100,1,11.24,100,1,11.05,100,1,11.01,100,1,10.93,100,1,10.92,200,2,10.84,100,1,10.18,700,1,10.11,100,1,15.30,0,-1,15.98,0,-1,16.15,0,-1,16.38,0,-2,16.83,0,-2,17.36,0,-3,17.44,0,-4,17.60,0,-1,17.85,0,-1,17.93,0,-1,ARL,0
2025-07-17T13:30:00.870194394Z,2025-07-17T13:30:00.870022776Z,10,2,1108,C,A,10,19.580000000,100,41370957,171618,28963983,11.52,100,1,11.29,100,1,11.24,100,1,11.05,100,1,11.01,100,1,10.93,100,1,10.92,200,2,10.84,100,1,10.18,700,1,10.11,100,1,15.30,0,-1,15.98,0,-1,16.15,0,-1,16.38,0,-2,16.83,0,-2,17.36,0,-3,17.44,0,-4,17.60,0,-1,17.85,0,-1,17.93,0,-1,ARL,0
2025-07-17T13:30:00.870194394Z,2025-07-17T13:30:00.870022776Z,10,2,1108,A,A,10,18.380000000,100,43314233,171618,28963983,11.52,100,1,11.29,100,1,11.24,100,1,11.05,100,1,11.01,100,1,10.93,100,1,10.92,200,2,10.84,100,1,10.18,700,1,10.11,100,1,15.30,0,-1,15.98,0,-1,16.15,0,-1,16.38,0,-2,16.83,0,-2,17.36,0,-3,17.44,0,-4,17.60,0,-1,17.85,0,-1,17.93,0,-1,ARL,0
2025-07-17T13:30:00.870194394Z,2025-07-17T13:30:00.870023199Z,10,2,1108,C,A,10,19.580000000,100,41370961,171195,28963984,11.52,100,1,11.29,100,1,11.24,100,1,11.05,100,1,11.01,100,1,10.93,100,1,10.92,200,2,10.84,100,1,10.18,700,1,10.11,100,1,15.30,0,-1,15.98,0,-1,16.15,0,-1,16.38,0,-2,16.83,0,-2,17.36,0,-3,17.44,0,-4,17.60,0,-1,17.85,0,-1,17.93,0,-1,ARL,0
2025-07-17T13:30:00.870194394Z,2025-07-17T13:30:00.870023199Z,10,2,1108,A,A,10,18.380000000,100,43314237,171195,28963984,11.52,100,1,11.29,100,1,11.24,100,1,11.05,100,1,11.01,100,1,10.93,100,1,10.92,200,2,10.84,100,1,10.18,700,1,10.11,100,1,15.30,0,-1,15.98,0,-1,16.15,0,-1,16.38,0,-2,16.83,0,-2,17.36,0,-3,17.44,0,-4,17.60,0,-1,17.85,0,-1,17.93,0,-1,ARL,0
2025-07-17T13:30:00.870194394Z,2025-07-17T13:30:00.870023701Z,10,2,1108,C,A,10,19.580000000,100,41370965,170693,28963985,11.52,100,1,11.29,100,1,11.24,100,1,11.05,100,1,11.01,100,1,10.93,100,1,10.92,200,2,10.84,100,1,10.18,700,1,10.11,100,1,15.30,0,-1,15.98,0,-1,16.15,0,-1,16.38,0,-2,16.83,0,-2,17.36,0,-3,17.44,0,-4,17.60,0,-1,17.85,0,-1,17.93,0,-1,ARL,0
2025-07-17T13:30:00.870194394Z,2025-07-17T13:30:00.870023701Z,10,2,1108,A,A,10,18.380000000,100,43314241,170693,28963985,11.52,100,1,11.29,100,1,11.24,100,1,11.05,100,1,11.01,100,1,10.93,100,1,10.92,200,2,10.84,100,1,10.18,700,1,10.11,100,1,15.30,0,-1,15.98,0,-1,16.15,0,-1,16.38,0,-2,16.83,0,-2,17.36,0,-3,17.44,0,-4,17.60,0,-1,17.85,0,-1,17.93,0,-1,ARL,0
2025-07-17T13:30:00.870229401Z,2025-07-17T13:30:00.870053023Z,10,2,1108,C,A,10,19.580000000,100,41370969,176378,28964015,11.52,100,1,11.29,100,1,11.24,100,1,11.05,100,1,11.01,100,1,10.93,100,1,10.92,200,2,10.84,100,1,10.18,700,1,10.11,100,1,15.30,0,-1,15.98,0,-1,16.15,0,-1,16.38,0,-2,16.83,0,-2,17.36,0,-3,17.44,0,-4,17.60,0,-1,17.85,0,-1,17.93,0,-1,ARL,0
2025-07-17T13:30:00.870229401Z,2025-07-17T13:30:00.870053023Z,10,2,1108,A,A,10,18.380000000,100,43314245,176378,28964015,11.52,100,1,11.29,100,1,11.24,100,1,11.05,100,1,11.01,100,1,10.93,100,1,10.92,200,2,10.84,100,1,10.18,700,1,10.11,100,1,15.30,0,-1,15.98,0,-1,16.15,0,-1,16.38,0,-2,16.83,0,-2,17.36,0,-3,17.44,0,-4,17.60,0,-1,17.85,0,-1,17.93,0,-1,ARL,0
2025-07-17T13:30:00.870229401Z,2025-07-17T13:30:00.870053791Z,10,2,1108,C,A,10,19.580000000,100,42204681,175610,28964016,11.52,100,1,11.29,100,1,11.24,100,1,11.05,100,1,11.01,100,1,10.93,100,1,10.92,200,2,10.84,100,1,10.18,700,1,10.11,100,1,15.30,0,-1,15.98,0,-1,16.15,0,-1,16.38,0,-2,16.83,0,-2,17.36,0,-3,17.44,0,-4,17.60,0,-1,17.85,0,-1,17.93,0,-1,ARL,0
2025-07-17T13:30:00.870229401Z,2025-07-17T13:30:00.870053791Z,10,2,1108,A,A,10,18.380000000,100,43314253,175610,28964016,11.52,100,1,11.29,100,1,11.24,100,1,11.05,100,1,11.01,100,1,10.93,100,1,10.92,200,2,10.84,100,1,10.18,700,1,10.11,100,1,15.30,0,-1,15.98,0,-1,16.15,0,-1,16.38,0,-2,16.83,0,-2,17.36,0,-3,17.44,0,-4,17.60,0,-1,17.85,0,-1,17.93,0,-1,ARL,0
2025-07-17T13:30:00.870229401Z,2025-07-17T13:30:00.870054073Z,10,2,1108,C,A,10,19.580000000,100,42946053,175328,28964017,11.52,100,1,11.29,100,1,11.24,100,1,11.05,100,1,11.01,100,1,10.93,100,1,10.92,200,2,10.84,100,1,10.18,700,1,10.11,100,1,15.30,0,-1,15.98,0,-1,16.15,0,-1,16.38,0,-2,16.83,0,-2,17.36,0,-3,17.44,0,-4,17.60,0,-1,17.85,0,-1,17.93,0,-1,ARL,0
2025-07-17T13:30:00.870229401Z,2025-07-17T13:30:00.870054073Z,10,2,1108,A,A,10,18.380000000,100,43314257,175328,28964017,11.52,100,1,11.29,100,1,11.24,100,1,11.05,100,1,11.01,100,1,10.93,100,1,10.92,200,2,10.84,100,1,10.18,700,1,10.11,100,1,15.30,0,-1,15.98,0,-1,16.15,0,-1,16.38,0,-2,16.83,0,-2,17.36,0,-3,17.44,0,-4,17.60,0,-1,17.85,0,-1,17.93,0,-1,ARL,0
2025-07-17T13:30:00.870236146Z,2025-07-17T13:30:00.870063003Z,10,2,1108,C,A,10,18.360000000,100,43313633,173143,28964020,11.52,100,1,11.29,100,1,11.24,100,1,11.05,100,1,11.01,100,1,10.93,100,1,10.92,200,2,10.84,100,1,10.18,700,1,10.11,100,1,15.30,0,-1,15.98,0,-1,16.15,0,-1,16.38,0,-2,16.83,0,-2,17.36,0,-3,17.44,0,-4,17.60,0,-1,17.85,0,-1,17.93,0,-1,ARL,0
2025-07-17T13:30:00.870236146Z,2025-07-17T13:30:00.870063920Z,10,2,1108,C,B,10,9.410000000,100,43313681,172226,28964021,11.52,100,1,11.29,100,1,11.24,100,1,11.05,100,1,11.01,100,1,10.93,100,1,10.92,200,2,10.84,100,1,10.18,700,1,10.11,100,1,15.30,0,-1,15.98,0,-1,16.15,0,-1,16.38,0,-2,16.83,0,-2,17.36,0,-3,17.44,0,-4,17.60,0,-1,17.85,0,-1,17.93,0,-1,ARL,0
2025-07-17T13:30:00.870319397Z,2025-07-17T13:30:00.870151543Z,10,2,1108,A,B,10,10.610000000,100,43314465,167854,28964128,11.52,100,1,11.29,100,1,11.24,100,1,11.05,100,1,11.01,100,1,10.93,100,1,10.92,200,2,10.84,100,1,10.61,100,1,10.18,700,1,15.30,0,-1,15.98,0,-1,16.15,0,-1,16.38,0,-2,16.83,0,-2,17.36,0,-3,17.44,0,-4,17.60,0,-1,17.85,0,-1,17.93,0,-1,ARL,0
2025-07-17T13:30:00.870390228Z,2025-07-17T13:30:00.870209113Z,10,2,1108,A,A,10,17.230000000,100,43314561,181115,28964207,11.52,100,1,11.29,100,1,11.24,100,1,11.05,100,1,11.01,100,1,10.93,100,1,10.92,200,2,10.84,100,1,10.61,100,1,10.18,700,1,15.30,0,-1,15.98,0,-1,16.15,0,-1,16.38,0,-2,16.83,0,-2,17.36,0,-3,17.44,0,-4,17.60,0,-1,17.85,0,-1,17.93,0,-1,ARL,0
2025-07-17T13:30:00.870452050Z,2025-07-17T13:30:00.870273955Z,10,2,1108,C,B,10,11.240000000,100,43313941,178095,28964259,11.52,100,1,11.29,100,1,11.24,100,1,11.05,100,1,11.01,100,1,10.93,100,1,10.92,200,2,10.84,100,1,10.61,100,1,10.18,700,1,15.30,0,-1,15.98,0,-1,16.15,0,-1,16.38,0,-2,16.83,0,-2,17.23,0,-1,17.36,0,-3,17.44,0,-4,17.60,0,-1,17.85,0,-1,ARL,0
2025-07-17T13:30:00.870452050Z,2025-07-17T13:30:00.870278857Z,10,2,1108,C,A,10,15.980000000,100,43314009,173193,28964260,11.52,100,1,11.29,100,1,11.24,100,1,11.05,100,1,11.01,100,1,10.93,100,1,10.92,200,2,10.84,100,1,10.61,100,1,10.18,700,1,15.30,0,-1,15.98,0,-1,16.15,0,-1,16.38,0,-2,16.83,0,-2,17.23,0,-1,17.36,0,-3,17.44,0,-4,17.60,0,-1,17.85,0,-1,ARL,0
2025-07-17T13:30:00.870748921Z,2025-07-17T13:30:00.870579856Z,10,2,1108,C,B,10,9.410000000,100,43313553,169065,28964629,11.52,100,1,11.29,100,1,11.24,100,1,11.05,100,1,11.01,100,1,10.93,100,1,10.92,200,2,10.84,100,1,10.61,100,1,10.18,700,1,15.30,0,-1,15.98,0,-1,16.15,0,-1,16.38,0,-2,16.83,0,-2,17.23,0,-1,17.36,0,-3,17.44,0,-4,17.60,0,-1,17.85,0,-1,ARL,0
2025-07-17T13:30:00.870748921Z,2025-07-17T13:30:00.870580243Z,10,2,1108,C,A,10,18.360000000,100,43313565,168678,28964630,11.52,100,1,11.29,100,1,11.24,100,1,11.05,100,1,11.01,100,1,10.93,100,1,10.92,200,2,10.84,100,1,10.61,100,1,10.18,700,1,15.30,0,-1,15.98,0,-1,16.15,0,-1,16.38,0,-2,16.83,0,-2,17.23,0,-1,17.36,0,-3,17.44,0,-4,17.60,0,-1,17.85,0,-1,ARL,0
2025-07-17T13:30:00.871024910Z,2025-07-17T13:30:00.870848973Z,10,2,1108,A,B,10,11.400000000,100,43315905,175937,28964903,11.52,100,1,11.40,100,1,11.29,100,1,11.24,100,1,11.05,100,1,11.01,100,1,10.93,100,1,10.92,200,2,10.84,100,1,10.61,100,1,15.30,0,-1,15.98,0,-1,16.15,0,-1,16.38,0,-2,16.83,0,-2,17.23,0,-1,17.36,0,-3,17.44,0,-4,17.60,0,-1,17.85,0,-1,ARL,0
2025-07-17T13:30:00.871047347Z,2025-07-17T13:30:00.870874152Z,10,2,1108,C,B,10,10.110000000,100,42583289,173195,28964931,11.52,100,1,11.29,100,1,11.24,100,1,11.05,100,1,11.01,100,1,10.93,100,1,10.92,200,2,10.84,100,1,10.61,100,1,10.18,700,1,15.30,0,-1,15.98,0,-1,16.15,0,-1,16.38,0,-2,16.83,0,-2,17.23,0,-1,17.36,0,-3,17.44,0,-4,17.60,0,-1,17.85,0,-1,ARL,0
2025-07-17T13:30:00.871535485Z,2025-07-17T13:30:00.871359085Z,10,2,1108,A,A,10,16.380000000,100,43317137,176400,28965402,11.52,100,1,11.29,100,1,11.24,100,1,11.05,100,1,11.01,100,1,10.93,100,1,10.92,200,2,10.84,100,1,10.61,100,1,10.18,700,1,15.30,0,-1,15.98,0,-1,16.15,0,-1,16.38,0,-2,16.83,0,-2,17.23,0,-1,17.36,0,-3,17.44,0,-4,17.60,0,-1,17.85,0,-1,ARL,0
2025-07-17T13:30:00.871544335Z,2025-07-17T13:30:00.871371794Z,10,2,1108,A,B,10,10.610000000,100,43317177,172541,28965409,11.52,100,1,11.29,100,1,11.24,100,1,11.05,100,1,11.01,100,1,10.93,100,1,10.92,200,2,10.84,100,1,10.61,200,2,10.18,700,1,15.30,0,-1,15.98,0,-1,16.15,0,-1,16.38,0,-2,16.83,0,-2,17.23,0,-1,17.36,0,-3,17.44,0,-4,17.60,0,-1,17.85,0,-1,ARL,0
2025-07-17T13:30:00.871552017Z,2025-07-17T13:30:00.871379595Z,10,2,1108,A,A,10,17.230000000,100,43317185,172422,28965416,11.52,100,1,11.29,100,1,11.24,100,1,11.05,100,1,11.01,100,1,10.93,100,1,10.92,200,2,10.84,100,1,10.61,200,2,10.18,700,1,15.30,0,-1,15.98,0,-1,16.15,0,-1,16.38,0,-2,16.83,0,-2,17.23,0,-1,17.36,0,-3,17.44,0,-4,17.60,0,-1,17.85,0,-1,ARL,0
2025-07-17T13:30:00.871552017Z,2025-07-17T13:30:00.871381021Z,10,2,1108,C,A,10,17.450000000,100,42583293,170996,28965418,11.52,100,1,11.29,100,1,11.24,100,1,11.05,100,1,11.01,100,1,10.93,100,1,10.92,200,2,10.84,100,1,10.61,200,2,10.18,700,1,15.30,0,-1,15.98,0,-1,16.15,0,-1,16.38,0,-2,16.83,0,-2,17.23,0,-2,17.36,0,-3,17.44,0,-4,17.60,0,-1,17.85,0,-1,ARL,0
2025-07-17T13:30:00.871701004Z,2025-07-17T13:30:00.871520352Z,10,2,1108,C,B,10,10.840000000,100,41635065,180652,28965571,11.52,100,1,11.29,100,1,11.24,100,1,11.05,100,1,11.01,100,1,10.93,100,1,10.92,200,2,10.84,100,1,10.61,200,2,10.18,700,1,15.30,0,-1,15.98,0,-1,16.15,0,-1,16.38,0,-2,16.83,0,-2,17.23,0,-2,17.36,0,-3,17.44,0,-4,17.60,0,-1,17.85,0,-1,ARL,0
2025-07-17T13:30:00.871701004Z,2025-07-17T13:30:00.871520352Z,10,2,1108,A,B,10,12.230000000,100,43317473,180652,28965571,12.23,100,1,11.52,100,1,11.29,100,1,11.24,100,1,11.05,100,1,11.01,100,1,10.93,100,1,10.92,200,2,10.84,100,1,10.61,200,2,15.30,0,-1,15.98,0,-1,16.15,0,-1,16.38,0,-2,16.83,0,-2,17.23,0,-2,17.36,0,-3,17.44,0,-4,17.60,0,-1,17.85,0,-1,ARL,0
2025-07-17T13:30:00.871723283Z,2025-07-17T13:30:00.871548318Z,10,2,1108,C,A,10,16.490000000,100,41635069,174965,28965592,11.52,100,1,11.29,100,1,11.24,100,1,11.05,100,1,11.01,100,1,10.93,100,1,10.92,200,2,10.84,100,1,10.61,200,2,10.18,700,1,15.30,0,-1,15.98,0,-1,16.15,0,-1,16.38,0,-2,16.83,0,-2,17.23,0,-2,17.36,0,-3,17.44,0,-4,17.60,0,-1,17.85,0,-1,ARL,0
2025-07-17T13:30:00.871723283Z,2025-07-17T13:30:00.871548318Z,10,2,1108,A,A,10,15.470000000,100,43317561,174965,28965592,11.52,100,1,11.29,100,1,11.24,100,1,11.05,100,1,11.01,100,1,10.93,100,1,10.92,200,2,10.84,100,1,10.61,200,2,10.18,700,1,15.30,0,-1,15.98,0,-1,16.15,0,-1,16.38,0,-2,16.83,0,-2,17.23,0,-2,17.36,0,-3,17.44,0,-4,17.60,0,-1,17.85,0,-1,ARL,0
2025-07-17T13:30:00.911711427Z,2025-07-17T13:30:00.911486897Z,10,2,1108,A,B,10,11.690000000,2,43324133,224530,28973032,11.69,2,1,11.52,100,1,11.29,100,1,11.24,100,1,11.05,100,1,11.01,100,1,10.93,100,1,10.92,200,2,10.84,100,1,10.61,200,2,15.30,0,-1,15.98,0,-1,16.15,0,-1,16.38,0,-2,16.83,0,-2,17.23,0,-2,17.36,0,-3,17.44,0,-4,17.60,0,-1,17.85,0,-1,ARL,0
2025-07-17T13:30:00.914528735Z,2025-07-17T13:30:00.914351054Z,10,2,1108,A,A,10,15.310000000,2,43328313,177681,28975648,11.69,2,1,11.52,100,1,11.29,100,1,11.24,100,1,11.05,100,1,11.01,100,1,10.93,100,1,10.92,200,2,10.84,100,1,10.61,200,2,15.30,0,-1,15.98,0,-1,16.15,0,-1,16.38,0,-2,16.83,0,-2,17.23,0,-2,17.36,0,-3,17.44,0,-4,17.60,0,-1,17.85,0,-1,ARL,0
2025-07-17T13:30:00.915372008Z,2025-07-17T13:30:00.915197739Z,10,2,1108,C,B,10,10.580000000,100,41376725,174269,28976307,11.69,2,1,11.52,100,1,11.29,100,1,11.24,100,1,11.05,100,1,11.01,100,1,10.93,100,1,10.92,200,2,10.84,100,1,10.61,200,2,15.30,0,-1,15.31,0,-1,15.98,0,-1,16.15,0,-1,16.38,0,-2,16.83,0,-2,17.23,0,-2,17.36,0,-3,17.44,0,-4,17.60,0,-1,ARL,0
2025-07-17T13:30:00.915372008Z,2025-07-17T13:30:00.915197739Z,10,2,1108,A,B,10,11.930000000,100,43329953,174269,28976307,11.93,100,1,11.69,2,1,11.52,100,1,11.29,100,1,11.24,100,1,11.05,100,1,11.01,100,1,10.93,100,1,10.92,200,2,10.84,100,1,15.30,0,-1,15.31,0,-1,15.98,0,-1,16.15,0,-1,16.38,0,-2,16.83,0,-2,17.23,0,-2,17.36,0,-3,17.44,0,-4,17.60,0,-1,ARL,0
2025-07-17T13:30:00.916507980Z,2025-07-17T13:30:00.916332252Z,10,2,1108,C,A,10,16.830000000,100,41372125,175728,28977103,11.69,2,1,11.52,100,1,11.29,100,1,11.24,100,1,11.05,100,1,11.01,100,1,10.93,100,1,10.92,200,2,10.84,100,1,10.61,200,2,15.30,0,-1,15.31,0,-1,15.98,0,-1,16.15,0,-1,16.38,0,-2,16.83,0,-2,17.23,0,-2,17.36,0,-3,17.44,0,-4,17.60,0,-1,ARL,0
2025-07-17T13:30:00.916507980Z,2025-07-17T13:30:00.916332252Z,10,2,1108,A,A,10,15.800000000,100,43331877,175728,28977103,11.69,2,1,11.52,100,1,11.29,100,1,11.24,100,1,11.05,100,1,11.01,100,1,10.93,100,1,10.92,200,2,10.84,100,1,10.61,200,2,15.30,0,-1,15.31,0,-1,15.98,0,-1,16.15,0,-1,16.38,0,-2,16.83,0,-2,17.23,0,-2,17.36,0,-3,17.44,0,-4,17.60,0,-1,ARL,0
2025-07-17T13:30:00.920319545Z,2025-07-17T13:30:00.920144110Z,10,2,1108,C,A,10,18.380000000,100,43314181,175435,28979475,11.69,2,1,11.52,100,1,11.29,100,1,11.24,100,1,11.05,100,1,11.01,100,1,10.93,100,1,10.92,200,2,10.84,100,1,10.61,200,2,15.30,0,-1,15.31,0,-1,15.80,0,-1,15.98,0,-1,16.15,0,-1,16.38,0,-2,16.83,0,-2,17.23,0,-2,17.36,0,-3,17.44,0,-4,ARL,0
2025-07-17T13:30:00.920319545Z,2025-07-17T13:30:00.920144110Z,10,2,1108,A,A,10,17.150000000,100,43339133,175435,28979475,11.69,2,1,11.52,100,1,11.29,100,1,11.24,100,1,11.05,100,1,11.01,100,1,10.93,100,1,10.92,200,2,10.84,100,1,10.61,200,2,15.30,0,-1,15.31,0,-1,15.80,0,-1,15.98,0,-1,16.15,0,-1,16.38,0,-2,16.83,0,-2,17.23,0,-2,17.36,0,-3,17.44,0,-4,ARL,0
2025-07-17T13:30:00.920319545Z,2025-07-17T13:30:00.920147410Z,10,2,1108,C,A,10,18.380000000,100,43314185,172135,28979478,11.69,2,1,11.52,100,1,11.29,100,1,11.24,100,1,11.05,100,1,11.01,100,1,10.93,100,1,10.92,200,2,10.84,100,1,10.61,200,2,15.30,0,-1,15.31,0,-1,15.80,0,-1,15.98,0,-1,16.15,0,-1,16.38,0,-2,16.83,0,-2,17.15,0,-1,17.23,0,-2,17.36,0,-3,ARL,0
2025-07-17T13:30:00.920319545Z,2025-07-17T13:30:00.920147410Z,10,2,1108,A,A,10,17.150000000,100,43339165,172135,28979478,11.69,2,1,11.52,100,1,11.29,100,1,11.24,100,1,11.05,100,1,11.01,100,1,10.93,100,1,10.92,200,2,10.84,100,1,10.61,200,2,15.30,0,-1,15.31,0,-1,15.80,0,-1,15.98,0,-1,16.15,0,-1,16.38,0,-2,16.83,0,-2,17.15,0,-1,17.23,0,-2,17.36,0,-3,ARL,0
2025-07-17T13:30:00.920380241Z,2025-07-17T13:30:00.920208398Z,10,2,1108,C,A,10,18.380000000,100,43314189,171843,28979515,11.69,2,1,11.52,100,1,11.29,100,1,11.24,100,1,11.05,100,1,11.01,100,1,10.93,100,1,10.92,200,2,10.84,100,1,10.61,200,2,15.30,0,-1,15.31,0,-1,15.80,0,-1,15.98,0,-1,16.15,0,-1,16.38,0,-2,16.83,0,-2,17.15,0,-2,17.23,0,-2,17.36,0,-3,ARL,0
2025-07-17T13:30:00.920380241Z,2025-07-17T13:30:00.920208398Z,10,2,1108,A,A,10,17.150000000,100,43339333,171843,28979515,11.69,2,1,11.52,100,1,11.29,100,1,11.24,100,1,11.05,100,1,11.01,100,1,10.93,100,1,10.92,200,2,10.84,100,1,10.61,200,2,15.30,0,-1,15.31,0,-1,15.80,0,-1,15.98,0,-1,16.15,0,-1,16.38,0,-2,16.83,0,-2,17.15,0,-2,17.23,0,-2,17.36,0,-3,ARL,0
2025-07-17T13:30:00.920380241Z,2025-07-17T13:30:00.920208920Z,10,2,1108,C,A,10,18.380000000,100,43314233,171321,28979516,11.69,2,1,11.52,100,1,11.29,100,1,11.24,100,1,11.05,100,1,11.01,100,1,10.93,100,1,10.92,200,2,10.84,100,1,10.61,200,2,15.30,0,-1,15.31,0,-1,15.80,0,-1,15.98,0,-1,16.15,0,-1,16.38,0,-2,16.83,0,-2,17.15,0,-3,17.23,0,-2,17.36,0,-3,ARL,0
2025-07-17T13:30:00.920380241Z,2025-07-17T13:30:00.920208920Z,10,2,1108,A,A,10,17.150000000,100,43339337,171321,28979516,11.69,2,1,11.52,100,1,11.29,100,1,11.24,100,1,11.05,100,1,11.01,100,1,10.93,100,1,10.92,200,2,10.84,100,1,10.61,200,2,15.30,0,-1,15.31,0,-1,15.80,0,-1,15.98,0,-1,16.15,0,-1,16.38,0,-2,16.83,0,-2,17.15,0,-3,17.23,0,-2,17.36,0,-3,ARL,0
2025-07-17T13:30:00.920390005Z,2025-07-17T13:30:00.920209286Z,10,2,1108,C,A,10,18.380000000,100,43314237,180719,28979517,11.69,2,1,11.52,100,1,11.29,100,1,11.24,100,1,11.05,100,1,11.01,100,1,10.93,100,1,10.92,200,2,10.84,100,1,10.61,200,2,15.30,0,-1,15.31,0,-1,15.80,0,-1,15.98,0,-1,16.15,0,-1,16.38,0,-2,16.83,0,-2,17.15,0,-4,17.23,0,-2,17.36,0,-3,ARL,0
2025-07-17T13:30:00.920390005Z,2025-07-17T13:30:00.920209286Z,10,2,1108,A,A,10,17.150000000,100,43339341,180719,28979517,11.69,2,1,11.52,100,1,11.29,100,1,11.24,100,1,11.05,100,1,11.01,100,1,10.93,100,1,10.92,200,2,10.84,100,1,10.61,200,2,15.30,0,-1,15.31,0,-1,15.80,0,-1,15.98,0,-1,16.15,0,-1,16.38,0,-2,16.83,0,-2,17.15,0,-4,17.23,0,-2,17.36,0,-3,ARL,0
2025-07-17T13:30:00.920390005Z,2025-07-17T13:30:00.920216613Z,10,2,1108,C,A,10,18.380000000,100,43314241,173392,28979521,11.69,2,1,11.52,100,1,11.29,100,1,11.24,100,1,11.05,100,1,11.01,100,1,10.93,100,1,10.92,200,2,10.84,100,1,10.61,200,2,15.30,0,-1,15.31,0,-1,15.80,0,-1,15.98,0,-1,16.15,0,-1,16.38,0,-2,16.83,0,-2,17.15,0,-5,17.23,0,-2,17.36,0,-3,ARL,0
2025-07-17T13:30:00.920390005Z,2025-07-17T13:30:00.920216613Z,10,2,1108,A,A,10,17.150000000,100,43339377,173392,28979521,11.69,2,1,11.52,100,1,11.29,100,1,11.24,100,1,11.05,100,1,11.01,100,1,10.93,100,1,10.92,200,2,10.84,100,1,10.61,200,2,15.30,0,-1,15.31,0,-1,15.80,0,-1,15.98,0,-1,16.15,0,-1,16.38,0,-2,16.83,0,-2,17.15,0,-5,17.23,0,-2,17.36,0,-3,ARL,0
2025-07-17T13:30:00.920390005Z,2025-07-17T13:30:00.920217193Z,10,2,1108,C,A,10,18.380000000,100,43314245,172812,28979522,11.69,2,1,11.52,100,1,11.29,100,1,11.24,100,1,11.05,100,1,11.01,100,1,10.93,100,1,10.92,200,2,10.84,100,1,10.61,200,2,15.30,0,-1,15.31,0,-1,15.80,0,-1,15.98,0,-1,16.15,0,-1,16.38,0,-2,16.83,0,-2,17.15,0,-6,17.23,0,-2,17.36,0,-3,ARL,0
2025-07-17T13:30:00.920390005Z,2025-07-17T13:30:00.920217193Z,10,2,1108,A,A,10,17.150000000,100,43339381,172812,28979522,11.69,2,1,11.52,100,1,11.29,100,1,11.24,100,1,11.05,100,1,11.01,100,1,10.93,100,1,10.92,200,2,10.84,100,1,10.61,200,2,15.30,0,-1,15.31,0,-1,15.80,0,-1,15.98,0,-1,16.15,0,-1,16.38,0,-2,16.83,0,-2,17.15,0,-6,17.23,0,-2,17.36,0,-3,ARL,0
2025-07-17T13:30:00.920390005Z,2025-07-17T13:30:00.920217632Z,10,2,1108,C,A,10,18.380000000,100,43314253,172373,28979523,11.69,2,1,11.52,100,1,11.29,100,1,11.24,100,1,11.05,100,1,11.01,100,1,10.93,100,1,10.92,200,2,10.84,100,1,10.61,200,2,15.30,0,-1,15.31,0,-1,15.80,0,-1,15.98,0,-1,16.15,0,-1,16.38,0,-2,16.83,0,-2,17.15,0,-7,17.23,0,-2,17.36,0,-3,ARL,0
2025-07-17T13:30:00.920390005Z,2025-07-17T13:30:00.920217632Z,10,2,1108,A,A,10,17.150000000,100,43339385,172373,28979523,11.69,2,1,11.52,100,1,11.29,100,1,11.24,100,1,11.05,100,1,11.01,100,1,10.93,100,1,10.92,200,2,10.84,100,1,10.61,200,2,15.30,0,-1,15.31,0,-1,15.80,0,-1,15.98,0,-1,16.15,0,-1,16.38,0,-2,16.83,0,-2,17.15,0,-7,17.23,0,-2,17.36,0,-3,ARL,0
2025-07-17T13:30:00.920530105Z,2025-07-17T13:30:00.920351772Z,10,2,1108,C,A,10,18.380000000,100,43314257,178333,28979649,11.69,2,1,11.52,100,1,11.29,100,1,11.24,100,1,11.05,100,1,11.01,100,1,10.93,100,1,10.92,200,2,10.84,100,1,10.61,200,2,15.30,0,-1,15.31,0,-1,15.80,0,-1,15.98,0,-1,16.15,0,-1,16.38,0,-2,16.83,0,-2,17.15,0,-8,17.23,0,-2,17.36,0,-3,ARL,0
2025-07-17T13:30:00.920530105Z,2025-07-17T13:30:00.920351772Z,10,2,1108,A,A,10,17.150000000,100,43339565,178333,28979649,11.69,2,1,11.52,100,1,11.29,100,1,11.24,100,1,11.05,100,1,11.01,100,1,10.93,100,1,10.92,200,2,10.84,100,1,10.61,200,2,15.30,0,-1,15.31,0,-1,15.80,0,-1,15.98,0,-1,16.15,0,-1,16.38,0,-2,16.83,0,-2,17.15,0,-8,17.23,0,-2,17.36,0,-3,ARL,0
2025-07-17T13:30:00.931605690Z,2025-07-17T13:30:00.931432717Z,10,2,1108,C,A,10,15.800000000,100,43331877,172973,28991138,11.69,2,1,11.52,100,1,11.29,100,1,11.24,100,1,11.05,100,1,11.01,100,1,10.93,100,1,10.92,200,2,10.84,100,1,10.61,200,2,15.30,0,-1,15.31,0,-1,15.80,0,-1,15.98,0,-1,16.15,0,-1,16.38,0,-2,16.83,0,-2,17.15,0,-9,17.23,0,-2,17.36,0,-3,ARL,0
2025-07-17T13:30:00.931605690Z,2025-07-17T13:30:00.931432717Z,10,2,1108,A,A,10,14.740000000,100,43357029,172973,28991138,11.69,2,1,11.52,100,1,11.29,100,1,11.24,100,1,11.05,100,1,11.01,100,1,10.93,100,1,10.92,200,2,10.84,100,1,10.61,200,2,15.30,0,-1,15.31,0,-1,15.80,0,-1,15.98,0,-1,16.15,0,-1,16.38,0,-2,16.83,0,-2,17.15,0,-9,17.23,0,-2,17.36,0,-3,ARL,0
2025-07-17T13:30:00.941082601Z,2025-07-17T13:30:00.940916945Z,10,2,1108,C,A,10,15.470000000,100,43317561,165656,29000554,11.69,2,1,11.52,100,1,11.29,100,1,11.24,100,1,11.05,100,1,11.01,100,1,10.93,100,1,10.92,200,2,10.84,100,1,10.61,200,2,14.74,0,-1,15.30,0,-1,15.31,0,-1,15.80,0,-1,15.98,0,-1,16.15,0,-1,16.38,0,-2,16.83,0,-2,17.15,0,-9,17.23,0,-2,ARL,0
2025-07-17T13:30:00.941082601Z,2025-07-17T13:30:00.940916945Z,10,2,1108,A,A,10,14.440000000,100,43373009,165656,29000554,11.69,2,1,11.52,100,1,11.29,100,1,11.24,100,1,11.05,100,1,11.01,100,1,10.93,100,1,10.92,200,2,10.84,100,1,10.61,200,2,14.74,0,-1,15.30,0,-1,15.31,0,-1,15.80,0,-1,15.98,0,-1,16.15,0,-1,16.38,0,-2,16.83,0,-2,17.15,0,-9,17.23,0,-2,ARL,0
2025-07-17T13:30:00.941236862Z,2025-07-17T13:30:00.941071231Z,10,2,1108,A,A,10,15.280000000,100,43373085,165631,29000677,11.69,2,1,11.52,100,1,11.29,100,1,11.24,100,1,11.05,100,1,11.01,100,1,10.93,100,1,10.92,200,2,10.84,100,1,10.61,200,2,14.74,0,-1,15.30,0,-1,15.31,0,-1,15.80,0,-1,15.98,0,-1,16.15,0,-1,16.38,0,-2,16.83,0,-2,17.15,0,-9,17.23,0,-2,ARL,0
2025-07-17T13:30:00.941255157Z,2025-07-17T13:30:00.941085073Z,10,2,1108,C,A,10,16.380000000,100,43317137,170084,29000688,11.69,2,1,11.52,100,1,11.29,100,1,11.24,100,1,11.05,100,1,11.01,100,1,10.93,100,1,10.92,200,2,10.84,100,1,10.61,200,2,14.74,0,-1,15.28,0,-1,15.30,0,-1,15.31,0,-1,15.80,0,-1,15.98,0,-1,16.15,0,-1,16.38,0,-2,16.83,0,-2,17.15,0,-9,ARL,0
2025-07-17T13:30:01.086605950Z,2025-07-17T13:30:01.086438727Z,10,2,1108,C,B,10,11.010000000,100,42674817,167223,29116818,11.69,2,1,11.52,100,1,11.29,100,1,11.24,100,1,11.05,100,1,11.01,100,1,10.93,100,1,10.92,200,2,10.84,100,1,10.61,200,2,14.74,0,-1,15.28,0,-1,15.30,0,-1,15.31,0,-1,15.80,0,-1,15.98,0,-1,16.15,0,-1,16.38,0,-2,16.83,0,-2,17.15,0,-9,ARL,0
2025-07-17T13:30:01.086605950Z,2025-07-17T13:30:01.086438727Z,10,2,1108,A,B,10,12.470000000,100,43554133,167223,29116818,12.47,100,1,11.69,2,1,11.52,100,1,11.29,100,1,11.24,100,1,11.05,100,1,11.01,100,1,10.93,100,1,10.92,200,2,10.84,100,1,14.74,0,-1,15.28,0,-1,15.30,0,-1,15.31,0,-1,15.80,0,-1,15.98,0,-1,16.15,0,-1,16.38,0,-2,16.83,0,-2,17.15,0,-9,ARL,0
2025-07-17T13:30:01.086625226Z,2025-07-17T13:30:01.086456460Z,10,2,1108,C,A,10,16.100000000,100,42674989,168766,29116862,11.69,2,1,11.52,100,1,11.29,100,1,11.24,100,1,11.05,100,1,11.01,100,1,10.93,100,1,10.92,200,2,10.84,100,1,10.61,200,2,14.74,0,-1,15.28,0,-1,15.30,0,-1,15.31,0,-1,15.80,0,-1,15.98,0,-1,16.15,0,-1,16.38,0,-2,16.83,0,-2,17.15,0,-9,ARL,0
2025-07-17T13:30:01.086625226Z,2025-07-17T13:30:01.086456460Z,10,2,1108,A,A,10,14.200000000,100,43554141,168766,29116862,11.69,2,1,11.52,100,1,11.29,100,1,11.24,100,1,11.05,100,1,11.01,100,1,10.93,100,1,10.92,200,2,10.84,100,1,10.61,200,2,14.74,0,-1,15.28,0,-1,15.30,0,-1,15.31,0,-1,15.80,0,-1,15.98,0,-1,16.15,0,-1,16.38,0,-2,16.83,0,-2,17.15,0,-9,ARL,0
2025-07-17T13:30:01.214882922Z,2025-07-17T13:30:01.214703183Z,10,2,1108,A,B,10,12.670000000,100,43663229,179739,29196804,12.67,100,1,11.69,2,1,11.52,100,1,11.29,100,1,11.24,100,1,11.05,100,1,11.01,100,1,10.93,100,1,10.92,200,2,10.84,100,1,14.74,0,-1,15.28,0,-1,15.30,0,-1,15.31,0,-1,15.80,0,-1,15.98,0,-1,16.15,0,-1,16.38,0,-2,16.83,0,-2,17.15,0,-9,ARL,0
2025-07-17T13:30:01.214882922Z,2025-07-17T13:30:01.214704496Z,10,2,1108,A,A,10,14.000000000,100,43663233,178426,29196805,12.67,100,1,11.69,2,1,11.52,100,1,11.29,100,1,11.24,100,1,11.05,100,1,11.01,100,1,10.93,100,1,10.92,200,2,10.84,100,1,14.74,0,-1,15.28,0,-1,15.30,0,-1,15.31,0,-1,15.80,0,-1,15.98,0,-1,16.15,0,-1,16.38,0,-2,16.83,0,-2,17.15,0,-9,ARL,0
2025-07-17T13:30:01.252386379Z,2025-07-17T13:30:01.252206360Z,10,2,1108,A,B,10,7.740000000,100,27015957,180019,29221770,12.67,100,1,11.69,2,1,11.52,100,1,11.29,100,1,11.24,100,1,11.05,100,1,11.01,100,1,10.93,100,1,10.92,200,2,10.84,100,1,14.74,0,-1,15.28,0,-1,15.30,0,-1,15.31,0,-1,15.80,0,-1,15.98,0,-1,16.15,0,-1,16.38,0,-2,16.83,0,-2,17.15,0,-9,ARL,0
2025-07-17T13:30:01.252386379Z,2025-07-17T13:30:01.252206360Z,10,2,1108,A,A,10,20.480000000,100,27015965,180019,29221771,12.67,100,1,11.69,2,1,11.52,100,1,11.29,100,1,11.24,100,1,11.05,100,1,11.01,100,1,10.93,100,1,10.92,200,2,10.84,100,1,14.74,0,-1,15.28,0,-1,15.30,0,-1,15.31,0,-1,15.80,0,-1,15.98,0,-1,16.15,0,-1,16.38,0,-2,16.83,0,-2,17.15,0,-9,ARL,0
2025-07-17T13:30:01.252386379Z,2025-07-17T13:30:01.252206360Z,10,2,1108,A,B,10,7.740000000,100,38084501,180019,29221772,12.67,100,1,11.69,2,1,11.52,100,1,11.29,100,1,11.24,100,1,11.05,100,1,11.01,100,1,10.93,100,1,10.92,200,2,10.84,100,1,14.74,0,-1,15.28,0,-1,15.30,0,-1,15.31,0,-1,15.80,0,-1,15.98,0,-1,16.15,0,-1,16.38,0,-2,16.83,0,-2,17.15,0,-9,ARL,0
2025-07-17T13:30:01.252386379Z,2025-07-17T13:30:01.252206360Z,10,2,1108,A,A,10,20.480000000,100,38073517,180019,29221773,12.67,100,1,11.69,2,1,11.52,100,1,11.29,100,1,11.24,100,1,11.05,100,1,11.01,100,1,10.93,100,1,10.92,200,2,10.84,100,1,14.74,0,-1,15.28,0,-1,15.30,0,-1,15.31,0,-1,15.80,0,-1,15.98,0,-1,16.15,0,-1,16.38,0,-2,16.83,0,-2,17.15,0,-9,ARL,0
2025-07-17T13:30:01.252386379Z,2025-07-17T13:30:01.252206360Z,10,2,1108,A,B,10,7.740000000,100,38130589,180019,29221774,12.67,100,1,11.69,2,1,11.52,100,1,11.29,100,1,11.24,100,1,11.05,100,1,11.01,100,1,10.93,100,1,10.92,200,2,10.84,100,1,14.74,0,-1,15.28,0,-1,15.30,0,-1,15.31,0,-1,15.80,0,-1,15.98,0,-1,16.15,0,-1,16.38,0,-2,16.83,0,-2,17.15,0,-9,ARL,0
2025-07-17T13:30:01.252386379Z,2025-07-17T13:30:01.252206360Z,10,2,1108,A,A,10,20.480000000,100,38134973,180019,29221775,12.67,100,1,11.69,2,1,11.52,100,1,11.29,100,1,11.24,100,1,11.05,100,1,11.01,100,1,10.93,100,1,10.92,200,2,10.84,100,1,14.74,0,-1,15.28,0,-1,15.30,0,-1,15.31,0,-1,15.80,0,-1,15.98,0,-1,16.15,0,-1,16.38,0,-2,16.83,0,-2,17.15,0,-9,ARL,0
2025-07-17T13:30:01.252386379Z,2025-07-17T13:30:01.252206360Z,10,2,1108,A,B,10,7.740000000,100,38470185,180019,29221776,12.67,100,1,11.69,2,1,11.52,100,1,11.29,100,1,11.24,100,1,11.05,100,1,11.01,100,1,10.93,100,1,10.92,200,2,10.84,100,1,14.74,0,-1,15.28,0,-1,15.30,0,-1,15.31,0,-1,15.80,0,-1,15.98,0,-1,16.15,0,-1,16.38,0,-2,16.83,0,-2,17.15,0,-9,ARL,0
2025-07-17T13:30:01.252386379Z,2025-07-17T13:30:01.252206360Z,10,2,1108,A,A,10,20.480000000,100,38471493,180019,29221777,12.67,100,1,11.69,2,1,11.52,100,1,11.29,100,1,11.24,100,1,11.05,100,1,11.01,100,1,10.93,100,1,10.92,200,2,10.84,100,1,14.74,0,-1,15.28,0,-1,15.30,0,-1,15.31,0,-1,15.80,0,-1,15.98,0,-1,16.15,0,-1,16.38,0,-2,16.83,0,-2,17.15,0,-9,ARL,0
2025-07-17T13:30:01.252386379Z,2025-07-17T13:30:01.252206360Z,10,2,1108,A,B,10,7.740000000,100,38759997,180019,29221778,12.67,100,1,11.69,2,1,11.52,100,1,11.29,100,1,11.24,100,1,11.05,100,1,11.01,100,1,10.93,100,1,10.92,200,2,10.84,100,1,14.74,0,-1,15.28,0,-1,15.30,0,-1,15.31,0,-1,15.80,0,-1,15.98,0,-1,16.15,0,-1,16.38,0,-2,16.83,0,-2,17.15,0,-9,ARL,0
2025-07-17T13:30:01.252386379Z,2025-07-17T13:30:01.252206360Z,10,2,1108,A,A,10,20.480000000,100,38758965,180019,29221779,12.67,100,1,11.69,2,1,11.52,100,1,11.29,100,1,11.24,100,1,11.05,100,1,11.01,100,1,10.93,100,1,10.92,200,2,10.84,100,1,14.74,0,-1,15.28,0,-1,15.30,0,-1,15.31,0,-1,15.80,0,-1,15.98,0,-1,16.15,0,-1,16.38,0,-2,16.83,0,-2,17.15,0,-9,ARL,0
2025-07-17T13:30:01.252386379Z,2025-07-17T13:30:01.252206360Z,10,2,1108,A,B,10,7.740000000,100,38775373,180019,29221780,12.67,100,1,11.69,2,1,11.52,100,1,11.29,100,1,11.24,100,1,11.05,100,1,11.01,100,1,10.93,100,1,10.92,200,2,10.84,100,1,14.74,0,-1,15.28,0,-1,15.30,0,-1,15.31,0,-1,15.80,0,-1,15.98,0,-1,16.15,0,-1,16.38,0,-2,16.83,0,-2,17.15,0,-9,ARL,0
2025-07-17T13:30:01.252386379Z,2025-07-17T13:30:01.252206360Z,10,2,1108,A,A,10,20.480000000,100,38776877,180019,29221781,12.67,100,1,11.69,2,1,11.52,100,1,11.29,100,1,11.24,100,1,11.05,100,1,11.01,100,1,10.93,100,1,10.92,200,2,10.84,100,1,14.74,0,-1,15.28,0,-1,15.30,0,-1,15.31,0,-1,15.80,0,-1,15.98,0,-1,16.15,0,-1,16.38,0,-2,16.83,0,-2,17.15,0,-9,ARL,0
2025-07-17T13:30:01.252386379Z,2025-07-17T13:30:01.252206360Z,10,2,1108,A,B,10,7.740000000,100,38865193,180019,29221782,12.67,100,1,11.69,2,1,11.52,100,1,11.29,100,1,11.24,100,1,11.05,100,1,11.01,100,1,10.93,100,1,10.92,200,2,10.84,100,1,14.74,0,-1,15.28,0,-1,15.30,0,-1,15.31,0,-1,15.80,0,-1,15.98,0,-1,16.15,0,-1,16.38,0,-2,16.83,0,-2,17.15,0,-9,ARL,0
2025-07-17T13:30:01.252386379Z,2025-07-17T13:30:01.252206360Z,10,2,1108,A,A,10,20.480000000,100,38863877,180019,29221783,12.67,100,1,11.69,2,1,11.52,100,1,11.29,100,1,11.24,100,1,11.05,100,1,11.01,100,1,10.93,100,1,10.92,200,2,10.84,100,1,14.74,0,-1,15.28,0,-1,15.30,0,-1,15.31,0,-1,15.80,0,-1,15.98,0,-1,16.15,0,-1,16.38,0,-2,16.83,0,-2,17.15,0,-9,ARL,0
2025-07-17T13:30:01.252444419Z,2025-07-17T13:30:01.252269158Z,10,2,1108,C,B,10,7.740000000,100,27015957,175261,29221828,12.67,100,1,11.69,2,1,11.52,100,1,11.29,100,1,11.24,100,1,11.05,100,1,11.01,100,1,10.93,100,1,10.92,200,2,10.84,100,1,14.74,0,-1,15.28,0,-1,15.30,0,-1,15.31,0,-1,15.80,0,-1,15.98,0,-1,16.15,0,-1,16.38,0,-2,16.83,0,-2,17.15,0,-9,ARL,0
2025-07-17T13:30:01.252444419Z,2025-07-17T13:30:01.252269158Z,10,2,1108,A,B,10,9.550000000,100,43690797,175261,29221828,12.67,100,1,11.69,2,1,11.52,100,1,11.29,100,1,11.24,100,1,11.05,100,1,11.01,100,1,10.93,100,1,10.92,200,2,10.84,100,1,14.74,0,-1,15.28,0,-1,15.30,0,-1,15.31,0,-1,15.80,0,-1,15.98,0,-1,16.15,0,-1,16.38,0,-2,16.83,0,-2,17.15,0,-9,ARL,0
2025-07-17T13:30:01.252444419Z,2025-07-17T13:30:01.252269575Z,10,2,1108,C,B,10,7.740000000,100,38084501,174844,29221829,12.67,100,1,11.69,2,1,11.52,100,1,11.29,100,1,11.24,100,1,11.05,100,1,11.01,100,1,10.93,100,1,10.92,200,2,10.84,100,1,14.74,0,-1,15.28,0,-1,15.30,0,-1,15.31,0,-1,15.80,0,-1,15.98,0,-1,16.15,0,-1,16.38,0,-2,16.83,0,-2,17.15,0,-9,ARL,0
